2692 4459
288 429 458 464 s'·''⁴'
598 451 599 454 =
701 442 749 451 ··
909 454 1022 479 ..·.·
1084 453 1135 474 ,4

332 491 351 546 ι’
466 481 666 556 RURIS
701 488 1013 576 DELICIAE0'

324 593 384 652 Ant
395 585 425 647 in
436 587 550 652 reducta
561 594 637 656 valle
647 597 866 678 mugientium·
1128 634 1132 642 ·

363 689 527 766 Prospectat
536 709 659 754 errantes
670 715 788 775 greges:
850 714 854 719 ·

321 793 383 852 Aut
390 811 483 868 pressa
493 789 568 866 puris
577 791 664 850 mella
675 798 773 856 condit
783 798 924 877 amphoris
935 841 950 870 s

340 891 527 954 ..Autrondet
538 889 664 954 infirmas
677 913 767 956 oves:
795 878 800 957 ζ
910 965 917 972 ,
941 967 945 973 ,

318 993 377 1062 Vel
387 1013 454 1054 curn
464 989 599 1054 decorum
611 992 725 1052 mitibus
735 993 830 1072 pomis
842 1011 925 1072 caput

356 1093 518 1153 Autumnus
528 1089 602 1152 arvis
612 1093 734 1153 extulit:

316 1192 361 1252 Ut
373 1189 476 1270 gaudet
486 1187 597 1250 insitiva
609 1191 761 1272 decerpens
770 1188 839 1274 pyra
849 1231 860 1260 ,
872 1193 875 1200 ’

354 1287 520 1348 Certantem
532 1305 561 1350 et
572 1313 658 1352 uvam
669 1311 818 1370 purpura:

312 1386 383 1470 Qua
393 1395 557 1448 muneretur
568 1403 597 1448 te
608 1387 733 1469 Priape,
747 1406 776 1449 et
790 1406 819 1450 te
833 1406 914 1466 pater

305 1502 313 1534 ί
351 1489 566 1567 Syl'vanemtor
580 1485 694 1553 finium.
826 1555 856 1567 ‚¹
960 1565 964 1570 ι

311 1583 396 1651 Libet
408 1585 499 1662 iacere
511 1583 600 1644 modo
612 1587 661 1646 sub
675 1586 789 1664 antiqua
800 1586 886 1656 ilice,

350 1684 442 1751 Modo
454 1681 484 1743 in
494 1679 588 1744 tenaci
599 1683 740 1761 gramine.
784 1705 788 1712 ·

311 1777 457 1842 Labunt‘ur
469 1777 532 1838 altis
544 1777 657 1838 interim
669 1779 734 1856 ripis
746 1804 843 1860 aquae,

349 1873 554 1954 Queruntur'in
567 1878 651 1953 sylvis
661 1899 747 1940 aves:
774 1909 778 1914 ⁴

308 1975 470 2052 fontesque
481 1974 604 2053 lymphis
615 1977 779 2056 obstrepunt
788 1979 964 2041 manantibus
976 2022 987 2051 ‚

345 2073 469 2132 Somnos
483 2075 558 2150 quod
572 2074 673 2135 invitet
684 2054 782 2144 leves,

226 2221 229 2230 .
306 2173 347 2232 At
357 2193 423 2232 cum
438 2175 561 2236 tonantis
572 2195 660 2235 annus
672 2173 703 2234 H
722 2176 824 2237 bernus
837 2177 918 2247 Jovis

342 2271 469 2342 Imbres,
486 2273 620 2351 nivesque
633 2193 799 2349 consistat:

304 2374 365 2433 Aut
379 2371 464 2431 trudit
474 2394 550 2434 acres
563 2371 629 2432 hinc
647 2389 676 2432 et
687 2368 753 2430 hinc
764 2371 855 2432 multa
866 2391 936 2432 cane

340 2471 435 2546 Apros
449 2471 478 2530 in
495 2475 635 2532 obstantes
646 2471 765 2554 plagas:

303 2569 363 2628 Ant
372 2569 459 2628 amite
470 2571 528 2630 levi
539 2591 600 2628 rara
610 2567 698 2628 tendit
710 2567 800 2636 retia,

251 2667 255 2684 '
342 2667 444 2728 Turdis
455 2666 585 2728 edacibus
597 2665 691 2726 dolos.
731 2658 736 2665 ⁴

304 2768 495 2846 pavidumque
506 2763 654 2840 leporem,
675 2780 703 2822 et
713 2751 966 2842 alvenam'laqueo
978 2787 1082 2848 gnrem

340 2865 470 2934 Jucunda
483 2881 577 2942 captat
588 2861 720 2943 praemia(
972 2869 976 2874 ’
1027 2851 1031 2859 ’

302 2964 376 3042 Quis
387 2983 445 3023 non
457 2949 618 3032 malaruni‚
641 2985 709 3041 quas
719 2983 801 3026 amor
811 2983 888 3024 curas
898 2960 982 3023 habet
991 3003 1003 3030 ,
1061 2990 1065 2994 »

336 3063 406 3122 Haec
422 3065 495 3124 inter
509 3059 706 3125 obliviscitur?

300 3158 389 3238 Qubd
399 3161 420 3221 si
431 3161 644 3238 pudicamulier
655 3161 684 3221 in
695 3175 803 3239 partem
815 3157 913 3236 juvans
940 3183 943 3187 >

336 3261 489 3330 Domum,
508 3279 590 3339 atque
602 3260 696 3321 dulces
707 3244 832 3345 liberos,

300 3367 314 3436 (
325 3361 428 3421 Sabina
438 3359 526 3438 qualis
538 3399 547 3428 ,
563 3375 611 3420 aut
621 3378 731 3436 perusta
742 3358 847 3446 solibus

337 3457 460 3520 Pernieis
473 3478 545 3518 uxor
557 3457 685 3532 Appuli.
698 3457 713 3527 )
978 3448 980 3451 ’
1003 3451 1059 3491 ¹1—
