2692 4459
523 286 527 289 .
673 296 691 337 ι

349 465 455 543 L'IB
475 467 550 533 E‘R
588 466 887 547 TERTIUS.
989 491 1036 550 99.

186 562 226 629 0
247 562 258 628 !
274 565 451 631 bibliotheca
464 586 533 637 nota
547 569 665 647 paucis,
682 568 701 629 ὂ
717 570 725 631 !
743 572 829 641 libri,

237 665 330 744 Quos
345 686 408 726 rara
421 684 578 729 contrectat
590 689 702 731 manus.

191 764 255 847 Ol
270 767 350 829 cella
361 782 472 829 tantum
480 766 579 831 lectuli
588 766 671 828 unius
683 788 794 845 capax,
843 814 858 825 ,

237 862 274 925 O
286 862 295 925 !
308 886 412 927 somne
425 867 516 936 libet,
531 885 561 927 et
574 866 666 929 levis:

194 960 229 1023 0
242 961 252 1025 !
266 964 304 1023 ad
320 967 433 1044 beatanr
446 983 506 1027 tuta
521 965 612 1027 vitam
623 964 744 1035 semita,

234 1062 347 1143 ignota
361 1064 442 1145 vulgi
455 1062 599 1124 sensibus:
783 1061 785 1064 ’

194 1161 244 1223 Ut
256 1184 313 1225 vos
328 1161 442 1239 requiro
457 1160 466 1223 ἔ
481 1178 513 1223 ut
524 1178 621 1224 mente
629 1181 683 1225 vos
693 1175 754 1223 tota
767 1170 895 1239 expetoj

234 1261 308 1321 Aria
319 1282 436 1337 perosus
444 1260 542 1321 omnia
553 1261 562 1324 !

193 1357 242 1417 Ut
257 1359 393 1431 latusssad
408 1381 460 1422 vos
474 1357 584 1429 tendit,
601 1374 631 1420 et
642 1358 721 1439 gazis
733 1352 823 1426 libens

233 1457 303 1519 Vos
318 1456 467 1539 anteponit
480 1456 620 1527 Persicis,

194 1551 377 1632 Quicunque
389 1576 462 1639 puro
472 1576 572 1634 pectus
587 1557 699 1619 Olmeo
710 1558 801 1627 lauit,

231 1652 384 1713 frondem
394 1673 450 1729 que
462 1656 576 1715 mordet
587 1653 772 1730 Delphicam.

172 1751 174 1755 ’
194 1750 279 1829 Quid
295 1771 347 1819 tu,
366 1749 491 1812 Gerardi
499 1793 512 1823 ,
531 1754 577 1814 cui
594 1752 720 1831 profanis
734 1754 827 1819 invios

232 1847 328 1909 Adire
344 1847 458 1918 fontes,
477 1851 620 1933 contigit,

192 1946 296 2009 Partes
310 1967 348 2007 ne
362 1947 474 2011 easdem
487 1949 631 2027 sequeris,
649 1960 688 2014 a'n
702 1948 746 2017 siti
757 1949 836 2012 mala

229 2044 363 2123 Opnm,
385 2065 434 2109 aut
444 2068 570 2127 perustus
585 2050 706 2132 gloria,

191 2146 370 2207 Amoenitati
384 2148 455 2211 rutis
465 2167 495 2213 et
509 2149 584 2211 dulci
598 2150 660 2211 otio

223 2234 258 2306 “v
264 2238 340 2306 itam
354 2250 503 2325 anteponis
517 2250 663 2311 aulicam?

193 2345 225 2409 O
245 2345 253 2407 !
268 2366 320 2423 per
334 2346 418 2422 lycaei
424 2348 563 2427 cognitos
576 2348 672 2425 paucis
688 2364 804 2424 specus,

237 2444 324 2522 Quos
334 2464 407 2521 saepe
421 2444 544 2504 lustrasti
555 2464 647 2522 puer:
780 2516 782 2521 ¹

193 2545 246 2606 Ne
257 2562 357 2621 sperne
367 2542 478 2603 amicus
487 2541 590 2604 consili
600 2541 676 2621 quod
687 2540 733 2602 dat
743 2541 863 2605 senexs'

234 2641 326 2720 Quod
340 2662 396 2720 que
412 2640 484 2710 sibi,
504 2641 551 2703 sed
566 2662 629 2703 sero
644 2640 729 2719 capit.

193 2743 225 2801 A
239 2741 354 2800 literato
368 2758 398 2800 te
415 2739 478 2799 otio
492 2742 675 2803 avocantibus

233 2836 394 2900 Occludito
410 2858 512 2908 aures,
530 2857 559 2899 et
573 2841 661 2919 fugep

194 2938 315 3006 Canora
332 2954 460 2999 monstra
474 2953 507 2998 ut
519 2934 631 2996 auribus
645 2952 709 2995 cera
725 2929 819 2991 oblitis

231 3036 347 3102 La'e'rtis
363 3034 460 3116 effirgit
473 3054 556 3113 puer.
632 3084 660 3101 ,,
756 3054 758 3061 “

193 3139 284 3198 Beata
298 3135 361 3198 vita
373 3155 436 3194 non
448 3132 570 3195 metallo
582 3145 631 3193 aut
643 3126 735 3191 Indici

233 3235 344 3316 Spoliis
356 3251 471 3313 paratur
484 3231 613 3310 aequoris.

191 3333 307 3399 'Animo
322 3334 469 3413 appetenti
478 3350 572 3410 pauca
590 3350 599 3390 r
615 3324 691 3405 quod
705 3339 748 3385 sat
760 3336 825 3399 est3
839 3328 956 3391 seretti

227 3416 336 3505 Avido'
342 3474 354 3508 ,
370 3450 454 3515 atque
468 3426 634 3507 inexpleto,
655 3422 739 3491 nihil.
