2692 4459
386 438 588 509 LIBER
635 443 904 510 PRIMUS.
1043 465 1063 515 9

238 540 372 604 Delicias
381 543 500 606 faciles?
513 544 586 606 Non
598 565 646 606 nte
655 566 717 608 tum
727 547 837 629 Regin,
852 561 970 604 nonrne

239 643 360 724 Regum
375 643 465 719 epulae
478 658 603 706 teneant.
614 643 668 704 Per
677 665 725 706 me
736 643 886 720 conchylia
894 640 970 702 testis

240 739 322 800 Tuta
338 740 395 802 suis
406 771 417 812 ‚
437 761 510 802 saxo
521 759 656 806 maneant
670 740 755 802 affixa
767 739 925 841 Μαίη*

240 836 299 897 Per
308 857 358 898 me
366 858 478 902 securus
487 840 612 926 Calabra
621 857 699 902 natet
708 837 820 917 equore
828 836 984 906 rhombus

241 937 282 998 Et
293 936 459 998 sinefraude
474 959 566 1000 scarus
576 940 700 1016 depastas
711 939 833 998 ruminet
846 935 969 1006 herbas,

242 1034 275 1094 Si
291 1053 375 1110 quern
389 1031 464 1094 fortis
477 1037 578 1112 procul
593 1035 680 1100 fluctu
693 1037 861 1100 tumefactus
873 1034 940 1096 Eoo

240 1131 334 1190 Adria
347 1130 483 1207 jactatum
492 1134 595 1195 nostris
604 1138 744 1216 acceperit
751 1136 851 1204 undis,

238 1230 303 1292 Aut
315 1228 596 1308 Thyrrenafremens
605 1237 639 1296 acl
653 1237 751 1298 littora
762 1233 876 1300 verterit
889 1232 995 1296 Eurur·

238 1327 274 1389 N
275 1349 315 1388 on
330 1327 402 1390 milri
417 1345 481 1390 nnn
493 1329 603 1409 Libye,
618 1353 680 1396 non
689 1333 786 1395 mollis
800 1332 882 1394 lenia
893 1331 986 1410 pietas

237 1427 341 1490 Mittat
353 1448 419 1490 aves
429 1444 561 1490 stantum
569 1431 673 1512 glauco
683 1432 754 1495 mihi
762 1431 884 1494 Palladit
891 1433 976 1492 arbor

231 1523 382 1590 'Canescat
394 1529 483 1597 feru,
497 1529 670 1610 pinguesque
681 1532 819 1592 ministrer
830 1529 936 1592 olives·

238 1622 340 1688 Obvia
350 1645 399 1685 me
408 1624 530 1705 Lapathi
544 1649 625 1707 prato
633 1627 779 1711 gaudentis
793 1640 891 1702 aperte

237 1721 340 1784 Herba
351 1723 448 1800 juvet,
463 1726 730 1806 malvoequeleves,
745 1722 930 1806 gravibusque
939 1717 1062 1778 salubress

237 1821 438 1900 corporum
457 1823 506 1885 vel
519 1845 580 1902 quae
593 1827 701 1888 lactens
714 1822 788 1885 cadit
800 1817 892 1882 hostia
906 1816 1004 1896 festos

236 1919 378 1982 Termine
393 1919 515 1990 Sancte,
532 1936 601 1992 tuo,
618 1920 685 1986 clm
699 1941 727 1982 te
737 1919 841 1984 vicinia
851 1916 970 1994 supplex

176 2007 178 2011 ,
234 2011 376 2082 Defixum
386 2020 476 2089 colit,
493 2036 522 2081 et
533 2040 608 2082 serto
621 2018 768 2082 frondente
781 2034 918 2079 coronat:
1017 2002 1034 2014 ⁸

235 2120 302 2181 Aut
311 2139 378 2180 mea
388 2159 402 2186 ‚
414 2118 488 2196 quod
504 2117 568 2178 satis
583 2137 644 2188 est,
659 2117 760 2178 hilaret
774 2116 908 2180 convivia
922 2134 997 2178 cano

234 2215 330 2278 Praeda
343 2234 459 2279 excussa
468 2219 538 2295 lupo
548 2217 622 2280 villis
632 2217 798 2280 stillantibus
807 2215 916 2278 hoedus.

235 2315 280 2377 Ut
290 2315 373 2394 juvat
383 2353 394 2384 ,
406 2311 456 2376 bas
472 2315 588 2392 epulas,
605 2315 679 2374 inter
689 2330 815 2392 spectare
828 2315 977 2382 bidentes,

237 2413 313 2478 Cirnr
323 2434 353 2475 se
364 2433 393 2474 se
403 2411 419 2474 ὲ
431 2429 516 2492 pastu
525 2411 648 2485 refersurt
661 2407 669 2468 !
683 2425 714 2468 ut
723 2397 847 2474 eruribus
858 2414 934 2494 :gre

235 2511 336 2589 Ubera
345 2507 545 2574 resumunt!
557 2524 587 2570 ut
595 2506 691 2572 multo
700 2507 777 2568 lacte
787 2527 911 2591 gravate

163 2613 167 2622 '
236 2607 282 2668 Ad
296 2608 449 2670 mulctram
459 2606 567 2684 injussa
580 2607 722 2676 veniunt,
736 2607 915 2691 gaudentque
926 2602 1039 2691 leva-l.

237 2705 281 2764 Ut
290 2703 371 2784 juvat
385 2725 422 2766 ex
434 2723 505 2784 agro
517 2705 630 2766 reduces
642 2722 766 2784 spectare
779 2707 915 2786 juvencos

237 2800 503 2884 longorumfessos
512 2823 630 2882 operum
642 2841 653 2874 ‚
665 2820 694 2864 et
701 2825 789 2882 grave
798 2810 883 2870 robur
891 2802 981 2868 aratri
1075 2865 1081 2871 .

237 2895 363 2960 Vomere
374 2919 508 2978 suspenso
520 2901 614 2965 attriti
627 2903 737 2964 cervice
750 2894 911 2964 trahentes!
1058 2885 1064 2900 ’

237 2998 278 3059 Ut
292 3000 372 3077 juvat
382 3016 413 3060 et
428 3021 549 3070 vernas,
562 3021 719 3064 numerosae
727 3002 860 3064 examina
872 2997 979 3064 ville,
1032 3031 1036 3039 ·
1085 3063 1091 3073 ,

233 3097 370 3160 lucentes
385 3097 467 3180 ignes
480 3094 586 3160 circium
599 3098 732 3176 latosque
746 3097 867 3163 Penates

233 3197 385 3276 Aniene,
403 3195 505 3292 agresti
520 3215 647 3280 curantes
657 3219 779 3278 corpore
788 3192 908 3287 mensi!

232 3295 352 3358 Dixerat
365 3293 429 3355 hac
439 3291 515 3356 dives
525 3294 623 3370 positis
635 3295 665 3356 in
675 3297 774 3359 fenore
788 3295 914 3358 nummis
942 3378 945 3382 A

228 3391 375 3471 Alphiur3
390 3405 477 3484 atque
492 3387 568 3454 aliud
581 3389 740 3466 medians,
758 3392 910 3474 atetusin
923 3392 1001 3465 ifl03
