2692 4459
211 535 214 541 ¹
246 546 305 610 llle
322 545 399 605 nihil
413 543 497 604 fatue
509 543 600 624 plebis
614 543 735 608 ludibria
749 567 850 621 curat,
1044 481 1081 544 ³9

241 648 450 720 judicium-ve
464 643 580 715 horret,
596 645 711 724 plausus
724 665 774 710 aut
787 651 876 714 ambit
885 653 995 720 inanes.

248 749 383 814 Aenos,
400 763 453 802 nos
469 745 565 806 miseri
581 743 670 808 Vates
684 746 885 818 ,Permesside
900 754 1018 835 lymphl

244 847 373 908 Pectora
385 840 463 920 queis
475 842 668 924 jamdudum,
690 864 719 908 et
728 849 857 912 laudibus
865 854 942 916 ebria
949 857 1081 934 fervent,

246 945 362 1008 Nobile
375 941 523 1004 servitium
537 958 566 1002 et
575 941 658 1002 fastus
666 945 791 1007 tolerare
800 949 944 1030 malignos

244 1045 389 1114 Assueti,
407 1043 493 1106 simul
508 1058 540 1101 ut
553 1040 664 1100 collum
679 1045 801 1118 prebere
816 1048 940 1124 capistro

243 1143 420 1221 coepimus,
439 1139 514 1200 haud
531 1133 590 1199 ulll
606 1157 659 1198 nos
674 1139 801 1204 eximere
815 1118 876 1206 arte
888 1148 1031 1222 valemutt

247 1241 324 1321 Quo
340 1241 430 1304 semel
447 1237 563 1318 ingenio
579 1237 648 1312 clari
662 1243 861 1316 pervenimus,
876 1245 943 1310 inde

243 1341 323 1401 Non
335 1339 390 1401 nisi
402 1336 513 1400 lirnesti
525 1334 636 1416 lateque
651 1355 769 1400 sonante
782 1340 864 1404 ruini

246 1437 437 1506 Forcidimus,
450 1439 521 1498 ridet
530 1437 632 1518 vulgus
644 1433 744 1512 superi
754 1457 819 1500 aree
830 1439 980 1508 cadentes:

247 1535 286 1596 Et
297 1556 371 1613 quoe
386 1552 431 1596 tot
441 1539 528 1597 docto
543 1533 633 1596 sudati
642 1550 736 1593 marte
750 1534 863 1597 labores

246 1635 407 1706 Ditarrrnt,
424 1637 517 1698 nostri
531 1635 633 1701 tedet,
650 1631 705 1696 nisi
717 1632 790 1693 mira
799 1634 916 1696 subinde

247 1735 387 1799 Edamus.
400 1735 505 1814 Quatit
515 1733 625 1794 assiduo
636 1753 690 1794 nos
702 1731 824 1794 firlmine
840 1733 949 1797 censor.

247 1833 407 1915 Arrigimus
417 1831 568 1914 postqulm
579 1853 744 1900 summum,
757 1833 928 1896 contendere
936 1833 1040 1916 pennis

249 1932 316 1993 Nos
328 1935 435 2012 premit
449 1933 565 1996 ulterius
576 1933 655 2011 plebs
665 1929 785 2010 putitiu
799 1932 909 1994 sontica
916 1955 972 1996 nec
981 1956 1035 1999 noe

248 2029 373 2094 Solvere
384 2053 466 2092 causa
478 2049 572 2110 potest
582 2056 591 2093 ε
602 2030 772 2094 revirescere
783 2032 867 2095 Musa
883 2033 1016 2113 jubetur,

247 2131 310 2213 Nipr
321 2129 473 2209 postquinr
487 2131 572 2210 capiti
581 2133 716 2200 accessit,
729 2130 856 2210 viresque
868 2135 979 2199 solute.

245 2229 400 2307 Tempore
411 2228 574 2292 decrescrurt
583 2247 682 2292 tamen
693 2232 790 2293 omnia
799 2231 861 2301 ‚ml
870 2252 984 2312 quoque
992 2233 1077 2302 mleie

249 2327 306 2389 Cui
318 2329 422 2389 faciem
437 2331 569 2391 nondum
579 2332 692 2411 rogauit
701 2331 776 2391 toda
789 2348 936 2402 senectus,

248 2425 379 2488 Phoebei
394 2430 504 2492 fervere
518 2427 612 2488 minus
625 2427 779 2506 praecordia
793 2427 908 2489 flammai

248 2525 412 2606 Experior3
427 2549 481 2590 nec
497 2527 555 2607 jam
567 2529 651 2591 molli
661 2523 716 2586 nisi
727 2541 828 2587 stratus
838 2525 868 2586 in
879 2528 979 2593 umbri

247 2623 384 2688 Altorum
396 2647 549 2688 nemorum
560 2665 570 2697 ,
584 2626 652 2687 cim
662 2624 723 2686 sola
733 2624 934 2692 immurmurat
945 2643 1036 2703 aurat

248 2723 346 2785 Sentio
360 2727 495 2787 vocalem
511 2725 664 2803 peramica
679 2725 791 2786 silentia
802 2725 939 2803 Mummg

247 2823 478 2904 Tranquillisque
488 2841 569 2882 meus
580 2821 677 2898 xystis
688 2841 812 2884 assuetus
826 2825 939 2900 Apollo

247 2921 396 2986 Detrectat
407 2925 466 3003 jam
480 2924 554 2984 ferre
566 2921 669 2998 pedem
680 2941 730 2996 per
741 2936 826 2980 strata
838 2918 964 2986 riarum.¹

250 3017 348 3101 Ergo,
368 3004 552 3090 Lamonide‚
572 3020 639 3099 fuge
650 3036 796 3097 querere,
815 3038 866 3080 eur
874 3021 946 3084 milri
955 3020 1016 3088 tota

204 3136 207 3141 ·
249 3103 340 3178 AEstus
353 3158 363 3188 ,
375 3120 457 3181 Urbe
468 3121 591 3200 procul,
603 3118 706 3200 procul
715 3135 801 3189 ette‚
814 3117 904 3182 dulcis
912 3123 1029 3198 amice,¹

250 3215 370 3297 irriguos
379 3219 456 3282 inter
465 3220 547 3281 lucos
559 3239 681 3289 exacta,
700 3219 816 3281 furentis

250 3309 372 3377 Lenierit
385 3319 497 3402 rabiem
509 3319 597 3380 Canis
608 3339 637 3380 er
649 3337 800 3380 momenta
809 3317 925 3380 Leonis.

283 3415 324 3475 At
335 3433 384 3487 re,
402 3415 567 3481 Limonide
580 3458 590 3490 ,
603 3419 736 3484 Heroum
745 3417 794 3481 cui
804 3418 941 3499 sanguine
951 3415 1038 3484 ductu
