2692 4459
368 465 572 548 LIBER
620 471 922 542 TERTIUS.
1024 503 1069 566 ς),

209 568 329 629 Altior
345 587 378 630 ut
391 569 481 632 Titan
496 571 610 650 obliqui
625 576 690 636 luce
703 575 835 636 fenestras

210 665 441 730 Transcutrens
455 687 570 742 astate,
591 674 711 735 domum
722 694 783 734 non
793 653 876 747 urat3
892 692 921 735 et
933 673 1010 736 idem
1057 691 1060 695 ·

210 767 387 831 Inclinatus
399 768 499 839 humi,
514 770 640 856 gelidam
652 793 720 834 cum
736 771 827 853 vergit
839 772 874 832 ad
887 773 1017 847 Arcton,
1053 845 1056 852 Ι

212 868 293 929 lma
306 888 360 946 per
371 859 528 947 hybernum
541 889 650 934 recreet
662 871 818 950 penetralia
826 870 925 954 frigus.

587 1026 761 1089 Vautun.
781 1023 847 1089 Lib.
871 1021 899 1091 i.

167 1227 169 1234 .
211 1179 1058 1266 mwmwemwumwwss

241 1301 526 1386 VARIAE
583 1306 1029 1385 VILLARUM

430 1469 456 1532 P
484 1469 510 1534 0
539 1468 564 1534 S
590 1472 610 1537 Ι
635 1472 722 1537 TU
747 1471 776 1535 R
804 1469 858 1536 [Ε.

215 1617 264 1712 L
279 1655 321 1696 tu
332 1652 428 1696 anta
438 1655 478 1698 us
490 1638 600 1724 eaiguis
608 1637 732 1716 placidas
743 1635 810 1697 dum
819 1637 950 1698 findimus
959 1636 1061 1715 undas5

214 1740 379 1816 Apparent
389 1734 474 1796 variar
486 1773 496 1804 ,
514 1734 593 1798 fluvii
605 1721 787 1797 decuramina
797 1767 815 1803 ,²
825 1732 912 1801 villar.

213 1835 295 1898 Haec
308 1850 353 1896 est
365 1830 455 1893 nativi
469 1827 597 1893 sublimis
612 1833 642 1892 in
657 1852 761 1914 aggere
775 1829 835 1892 sa'xi
849 1853 860 1905 ;

212 1932 295 1995 Haec
309 1927 505 2010 procurrentia
518 1922 633 1992 fundata
648 1932 789 2010 crepidine
805 1931 872 2010 tipae

213 2032 291 2094 Haec
303 2029 438 2112 refugit,
459 2046 628 2110 captumque
646 2033 708 2092 sinu
723 2031 775 2093 sni
791 2031 916 2096 vindicat
928 2042 1058 2096 amnem:

213 2131 272 2192 Illa
284 2147 393 2193 tenens
404 2129 533 2203 collem,
551 2130 598 2209 qui
610 2112 748 2209 piurimus
762 2129 895 2193 imminet
905 2134 1005 2204 amni,

214 2232 356 2310 Usurpat
367 2227 464 2290 faciles
473 2247 524 2306 per
535 2228 631 2300 culta,
644 2246 697 2306 pet
710 2248 807 2304 aspera
817 2228 911 2294 visus:
1020 2222 1023 2226 ⁴

214 2331 322 2409 thue
338 2327 397 2388 suis
408 2326 509 2390 fruitur
525 2328 602 2390 dives
613 2326 769 2406 speculatio
780 2326 870 2390 terris.

218 2429 306 2509 Quin
319 2425 412 2488 etiam
422 2425 511 2506 riguis
525 2425 628 2486 humili
637 2424 709 2502 pede
725 2423 837 2484 condita
849 2425 954 2506 pratis,
1055 2433 1058 2439 '

215 2529 408 2608 Compensat
420 2523 491 2584 celsi
505 2527 584 2606 bona,
595 2523 734 2584 naturalia
746 2524 874 2599 montis3
962 2567 966 2571 -

216 2627 403 2708 sublimique
419 2623 533 2685 minans
543 2613 673 2703 irrumpit
685 2623 717 2684 in
731 2623 832 2688 ethera
845 2624 949 2694 tectu,'

217 2725 383 2788 Ostentans
399 2723 505 2793 altam,
521 2722 626 2786 Pharos
638 2742 670 2788 ut
683 2725 871 2804 Memphitica
883 2721 1016 2803 puppimi

218 2822 299 2888 Huic
309 2823 463 2906 proprium
475 2838 515 2881 est
525 2821 655 2897 clausos,
669 2843 810 2903 concepto
820 2824 952 2906 gurgite,
964 2822 1055 2900 pisces

218 2923 343 3001 Apricas
355 2921 544 3000 scopulorum
554 2923 629 2984 inter
640 2940 751 3000 captare
764 2923 895 2987 novales.
938 2936 940 2940 ·

219 3023 291 3084 Haec
304 3017 427 3085 summis
437 3019 534 3081 innixa
544 3020 638 3103 jugis,
653 3017 778 3080 labentia
790 3019 883 3079 subter

218 3121 380 3194 Flumina,
398 3121 530 3197 despectu
540 3118 599 3198 jam
612 3120 754 3202 caligante
768 3137 873 3185 tuetur.

473 3273 781 3342 Aaronrus.1dt'll.
801 3300 832 3348 9.

357 3447 706 3532 *aas
