2692 4459
297 427 338 512 ,4
429 402 997 486 nunrsoarrcsm
1105 396 1107 399 ’

297 581 1131 666 ΤΓΓΓΠἫὙὙὛὛἫῬῪΤῪΨ*

449 741 490 814 Μ
525 740 562 812 Α
602 738 634 811 C
671 737 706 809 R
741 739 761 812 I
796 742 832 813 N
871 745 908 816 U
946 747 971 818 S

336 904 408 968 'AD
439 897 801 968 snrncrscusr
826 902 1096 974 inustum

298 1049 452 1133 Profiterur
462 1071 493 1112 se
505 1047 593 1112 Ruris
606 1069 697 1110 amose
708 1050 795 1110 teneri
805 1093 817 1120 ,
829 1049 860 1114 tr
870 1071 966 1115 narrat
975 1053 1072 1136 quibus
1085 1052 1127 1113 itt

581 1148 656 1209 curis
669 1166 774 1229 tempus
783 1146 871 1216 terat.

297 1299 569 1391 Fanncrsca,
588 1313 659 1376 Ruri
673 1315 776 1396 degere
789 1335 838 1378 me
852 1317 953 1395 juvar,

296 1415 456 1500 Pagisque,
475 1416 563 1476 fastus
577 1430 704 1475 temnere
719 1431 749 1474 et
765 1415 916 1486 Urbicos,

373 1515 499 1578 Stratum
510 1512 598 1579 modis
611 1511 736 1574 herbosis
747 1513 777 1572 in
789 1515 899 1586 antris,

456 1614 512 1679 Sub
524 1609 618 1696 gelius
628 1632 782 1674 nemorum
790 1611 879 1673 modb
890 1613 1002 1680 umbris.

294 1716 324 1778 O
339 1715 421 1796 quale
433 1715 508 1800 solus
519 1712 631 1792 gaudeo
641 1714 797 1795 gaudium,

294 1814 467 1896 Quantique
482 1831 580 1890 pectus
592 1809 688 1872 laentit
697 1812 784 1882 salit,

227 1901 229 1906 ⁵
371 1913 448 1974 Cism
459 1911 604 1990 Delphico
617 1907 727 1972 afflatus
737 1910 834 1972 calore

453 2009 588 2071 Rusticor
596 2049 611 2080 ,.
624 2009 706 2071 aedo
718 2029 836 2087 operam
847 2010 994 2076 Camoenis
1007 2010 1016 2076 !

281 2111 374 2182 illic,
393 2124 491 2171 secant
503 2107 558 2188 quis
572 2109 675 2189 praedia
688 2107 774 2170 rivuli

288 2211 423 2275 Humore
435 2227 507 2287 puro
519 2249 529 2280 ,
550 2227 667 2288 propter
682 2197 860 2272 amoenulum

369 2310 569 2386 fontemque,
585 2326 614 2370 et
624 2310 728 2370 illimes
739 2315 879 2375 scatebras

449 2407 654 2487 Composinrs,
673 2413 820 2490 strepitum
832 2413 867 2476 ad
879 2410 1049 2482 volucrum,
1140 2471 1146 2477 .

285 2509 348 2572 ¹Aut
357 2507 433 2568 culta
445 2507 537 2566 lentus
549 2525 635 2570 torno
645 2509 802 2586 poimata,

286 2611 346 2669 Aut
357 2623 445 2684 tango
460 2600 578 2671 chordas
592 2605 698 2680 pollice
708 2606 856 2680 tinnulas,

340 2708 342 2711 ’
364 2702 401 2764 Er
410 2717 507 2771 tacta,
526 2719 670 2764 concentu
680 2725 809 2776 sonoro,

417 2815 420 2821 '
445 2799 523 2861 Cum
534 2802 612 2862 tenui
623 2802 684 2884 ligo
695 2824 770 2865 voce
784 2804 847 2868 fila.

209 2931 211 2936 ·
285 2906 356 2986 Quo
369 2901 451 2966 Luna
462 2922 545 2982 cursu
557 2922 700 2966 menstrua
712 2905 894 2976 inambulet,

159 3034 161 3038 ·
281 3005 340 3076 Vel
356 3001 422 3082 quid
437 3001 582 3069 minentur
595 3003 686 3065 sidera
699 3004 824 3084 frugibus

362 3098 463 3183 Longi
475 3097 541 3160 ant‘e
550 3116 791 3178 praemonstrans,
809 3101 907 3182 sagaci

443 3197 595 3280 Agricolas
607 3200 720 3260 ratione
731 3198 844 3263 formo.
923 3277 926 3282 Ι
974 3268 977 3275 4

278 3299 344 3362 Nec
361 3317 438 3360 sacra
453 3293 562 3359 Dirlsm
572 3317 633 3358 non
649 3299 742 3360 refero
756 3298 894 3371 interim,

272 3397 430 3476 Festosque
446 3396 546 3470 luces,
557 3391 731 3460 Christiane
745 3397 845 3478 quibus
