2692 4459
267 447 336 558 ’μ’
402 463 609 534 nutris
644 464 978 555 uest-cm

268 576 301 639 O
314 573 323 638 !
334 574 446 654 quando
458 572 524 632 faba
533 569 699 650 Pythagora
711 588 854 650 cognata,
872 568 1014 653 simulque

268 673 368 735 Uneta
377 673 442 734 satis
452 670 551 753 pingui
559 688 701 748 ponentur
711 671 839 733 oluscula
849 675 928 736 lardo
939 676 951 736 3

266 769 298 833 O
310 768 318 830 !
330 789 449 842 noctes,
463 788 604 846 coenaeque
617 763 734 832 Derim:
745 773 845 849 quibus
859 776 943 852 ipse,
957 770 1078 851 meique

264 873 343 930 Ante
358 871 447 931 larem
459 871 606 949 proprium
617 889 741 938 vescor,
760 891 915 950 vernasque
928 891 1070 950 procaces

265 967 356 1030 Pasco
365 968 459 1030 libatis
469 971 595 1048 dapibus.
605 972 696 1032 Prout
709 969 812 1046 cuique
825 972 913 1032 libido
924 989 967 1034 est
980 1011 996 1050 ,

264 1069 360 1130 Siccat
370 1068 521 1148 inequales
531 1067 633 1128 calices
642 1070 786 1140 conviva,
791 1072 913 1150 ⁴solutus
998 1109 1016 1134 .

260 1161 504 1249 'Legibus-insanis
514 1188 523 1225 ε
534 1186 581 1226 seu
592 1165 652 1243 quis
663 1167 740 1245 capit
749 1167 826 1228 acria
836 1169 917 1228 fortis

262 1264 391 1326 Pocula:
405 1285 453 1326 seu
464 1264 583 1324 modicis
593 1266 702 1328 uvescit
711 1266 810 1326 laetius.
821 1266 899 1346 Ergo

264 1363 367 1432 Sermo
382 1363 494 1436 oritur,
510 1387 569 1426 non
582 1367 617 1428 de
630 1366 726 1436 villis,
739 1366 907 1429 domibusve
918 1364 1043 1426 alienist

263 1461 331 1524 Nee
339 1457 415 1522 male
424 1483 479 1524 nec
489 1483 524 1523 ne
532 1463 625 1542 Lepos
634 1465 716 1526 saltet
726 1489 740 1525 ε.
748 1465 878 1544 sedquod
885 1464 977 1545 magis
990 1464 1027 1524 ad
1034 1484 1103 1526 nos

262 1560 408 1632 Pertinet,
422 1579 451 1622 et
460 1557 568 1623 nescire
580 1564 690 1624 malum
702 1579 761 1631 est,
775 1565 933 1644 agitamus:
944 1583 1043 1626 utrum
1054 1586 1103 1628 ue

261 1662 378 1729 Divitiis
391 1661 546 1732 homines,
562 1681 601 1722 an
612 1661 667 1722 sint
678 1661 781 1724 virtute
790 1663 884 1723 beati:

262 1761 380 1842 Quidve
391 1761 427 1824 ad
438 1760 593 1830 amicitias,
608 1784 694 1832 usus,
710 1779 856 1823 rectumve
870 1760 964 1822 trahat
975 1780 1053 1822 nost

260 1859 299 1922 Et
312 1882 372 1938 quae
382 1859 417 1918 sit
425 1877 525 1921 natura
540 1861 630 1931 boni,
648 1879 848 1939 summumque
859 1861 926 1939 quid
935 1859 1013 1939 ejus.

263 1957 384 2020 Cervius
399 1955 460 2018 haec
470 1945 547 2018 'inter
561 1957 671 2019 vicinus
684 1959 772 2040 garrit
784 1959 873 2019 aniles

261 2055 307 2117 Ex
320 2075 350 2116 te
363 2054 480 2128 fabellas
494 2076 502 2113 :
518 2072 586 2114 nam
601 2057 624 2116 si
638 2059 700 2134 quis
710 2059 806 2120 laudat
818 2052 911 2119 Arelli

260 2152 404 2215 Sollicitas
414 2153 527 2234 ignatus
539 2175 627 2234 opes,
647 2157 688 2218 sic
698 2157 821 2236 incipit:
835 2154 930 2238 olim·

260 2253 391 2316 Rusticus
403 2255 544 2316 urbanum
556 2277 667 2318 murem
679 2275 742 2316 mus
751 2274 873 2334 paupere
886 2254 975 2314 fertur

262 2353 415 2434 Accepisse
428 2374 522 2426 cavo,
540 2372 666 2418 veterem
675 2369 756 2418 vetus
763 2351 865 2431 hospes
876 2352 1030 2422 amicum,

256 2458 377 2532 Asper,
393 2473 422 2518 et
432 2473 552 2520 attentus
562 2456 701 2534 quaesitis,
714 2471 746 2515 ut
757 2471 854 2516 tamen
864 2467 974 2514 arctum

260 2551 394 2614 Solveret
409 2553 537 2630 hospitiis
551 2553 681 2612 animum
695 2576 704 2613 t
720 2553 787 2629 quid
802 2549 918 2614 multa?
931 2567 1025 2628 neque
1041 2547 1103 2614 ille

264 2649 388 2724 Sepositi
403 2649 524 2720 ciceris,
539 2670 593 2711 nec
604 2651 700 2732 longae
714 2649 816 2710 invidit
828 2671 949 2713 avenae:

261 2745 385 2808 'Aridum
401 2765 431 2808 et
445 2767 495 2809 ore
504 2748 595 2810 ferens
607 2746 742 2819 acinum,
760 2769 923 2828 semesaque
937 2749 1014 2810 lardi

261 2847 361 2909 Frusta
372 2847 466 2920 dedit,
481 2847 597 2926 cupiens
606 2842 686 2910 varii
694 2845 804 2908 fastidia
812 2846 896 2911 cene

261 2946 408 3020 Vincere,
428 2949 569 3030 tangentis
582 2947 658 3009 male
669 2945 782 3030 singula
795 2946 1035 3023 dentesuperboz

262 3045 340 3110 Cum
355 3065 436 3132 pater
450 3051 511 3127 ipse
525 3047 626 3108 domus
640 3042 724 3123 palei
738 3062 883 3121 porrectus
893 3044 924 3102 in
938 3039 1033 3102 homi

259 3145 340 3208 Esset
354 3144 444 3214 ador,
464 3145 622 3220 loliumque
630 3141 712 3232 ¹dapis
721 3143 842 3204 meliora
851 3143 1028 3220 relinquens.

262 3245 394 3308 Tandem
401 3245 523 3305 urbanus
531 3239 566 3322 ad
574 3236 741 3322 huuctqttid
749 3259 778 3303 te
786 3242 876 3323 juvat,
883 3241 986 3319 inquit,
993 3241 1099 3314 amice

261 3342 397 3422 Praetupti
408 3338 533 3402 nemoris
543 3338 700 3418 patientem
709 3341 928 3426 vivete-dorso?

262 3442 332 3519 Nin’
346 3461 377 3508 tu
386 3440 536 3516 honines,
549 3442 705 3528 urbemque
714 3442 780 3506 fetis
786 3459 950 3524 preponere
958 3435 1045 3518 sylvis
1056 3438 1072 3506 Ξ
