2692 4459
298 481 331 537 n
431 459 636 540 nunti
671 468 979 552 nanterre.

296 579 415 639 Pectore
425 561 604 644 vis'habitat,
620 579 761 657 fortesque
772 583 1022 648 animosatuentur
1041 603 1047 614 ·

295 678 427 738 Membra
437 678 515 747 tori,
533 695 562 738 et
573 679 659 738 crudo
671 679 788 739 tendunt
802 700 831 738 se
841 680 946 744 robore
956 686 1060 760 nervi3

295 777 374 838 Hinc
390 777 476 837 facies
491 773 630 852 procera3
646 775 713 837 hinc
723 777 810 846 fronti
821 781 937 840 martius
949 781 1063 846 horror.

196 1133 207 1143 ,
294 1073 326 1135 Ο
339 1070 346 1132 !
359 1073 452 1132 dulces
463 1071 584 1132 Pastoris
596 1067 673 1151 ope's.
684 1071 715 1133 0
727 1069 736 1130 l
748 1075 851 1150 quairta
863 1075 995 1146 beatum,

297 1170 397 1251 Quim
409 1173 485 1231 tenet
496 1170 570 1231 hunc
585 1171 736 1247 tranquilla
751 1172 829 1247 quies
843 1171 851 1232 !
863 1193 895 1232 ut
908 1191 1025 1250 pectore
1034 1173 1107 1259 roto
1193 1248 1194 1251 Ἴ

295 1270 457 1339 Laetitiam,
476 1265 591 1344 totique
602 1269 681 1330 fovet
692 1270 767 1329 bona
776 1270 878 1349 gaudia
890 1269 1006 1332 mente!

295 1367 412 1445 Nempe
425 1366 484 1426 odii
493 1365 678 1443 fraudumque
689 1387 787 1446 expers
797 1409 808 1438 ,
820 1387 969 1446 exemptus
979 1369 1059 1430 inani

296 1465 481 1531 Ambitione,
499 1485 658 1543 vacansque
668 1482 763 1534 metu,
779 1487 826 1543 spe
836 1468 1075 1551 liberetinsons,

296 1565 330 1625 N
330 1557 408 1626 ativo
423 1563 500 1624 cultu
511 1580 540 1624 et
552 1561 623 1644 gazi
633 1563 765 1642 praedives
776 1569 876 1647 agresti
888 1609 900 1636 ,

297 1667 360 1744 lpse
373 1665 424 1725 sibi
437 1663 528 1730 vivit,
544 1663 625 1722 nullo
637 1665 687 1722 sub
698 1681 767 1724 teste
777 1707 789 1735 ,
806 1685 915 1743 suoque

293 1762 402 1824 Pendet
412 1765 447 1821 ab
459 1747 574 1840 arbitrio
586 1781 596 1834 ς
612 1783 676 1822 suus
689 1762 808 1838 ipse'est
816 1775 938 1834 censor,
954 1783 983 1826 ct
996 1769 1057 1827 alto
1096 1821 1101 1827 ,
1193 1764 1194 1799 l

297 1859 399 1921 Calcat
412 1879 479 1936 opes
495 1861 613 1928 animo,
634 1851 667 1920 a'c
678 1859 790 1942 Regum
799 1864 906 1922 deridet
915 1864 1049 1926 honores.
1193 1866 1194 1875 ’

296 1958 395 2018 Sinon
406 1957 541 2017 Taenatiis
551 1957 594 2016 illi
605 1975 677 2016 stant
688 1954 758 2021 fulta
768 1963 909 2024 columnis
928 2003 932 2008 -

295 2055 430 2125 Robora,
448 2057 633 2132 caelatumque
644 2053 700 2115 alti
712 2060 852 2136 laquearia
864 2064 957 2120 subter

295 2156 379 2218 Ridet
394 2157 481 2224 ebur,
498 2172 645 2232 postemve
660 2156 732 2216 silex
748 2158 911 2216 Asaroticus
928 2175 1032 2229 ornat,
1120 2188 1124 2194 ¹
1193 2188 1194 2193 ¹

274 2335 277 2340 Ι
294 2257 361 2318 Nec
371 2254 563 2316 Maurusiacos
573 2254 695 2334 pulchrae
706 2255 850 2315 testudinis
866 2257 950 2314 orbes

293 2355 435 2436 Delphica
450 2372 602 2425 sustentat,
622 2375 677 2415 nec
689 2354 776 2414 docto
789 2354 854 2421 trita
869 2354 989 2430 Myroni

293 2455 402 2516 Pocula
411 2457 562 2535 multiplici
572 2454 676 2514 florent
690 2451 827 2513 radiantia
836 2448 975 2530 gemmd,

293 2554 356 2612 Aut
370 2552 453 2612 bisin
464 2550 596 2614 herculei
612 2553 724 2611 lllilesia
736 2545 843 2610 vellera
859 2546 970 2610 conchi

293 2653 469 2721 Versantur,
485 2650 617 2726 tenuique
630 2665 706 2708 satur
720 2650 854 2730 lanugine
870 2651 999 2728 bombyx

293 2745 431 2810 Luteolos
443 2748 527 2810 folles
539 2750 716 2828 pretiosaque
731 2746 780 2807 fila
793 2747 946 2826 relinquit,

293 2848 410 2912 Textile
421 2869 476 2910 uec
486 2845 587 2912 tenero
602 2853 650 2910 sub
664 2832 790 2927 tegmine
800 2847 924 2926 fulgurat
934 2868 1034 2910 aurum

291 2950 435 3029 spirantes
444 2950 565 3013 referens
575 2950 669 3012 vultus
682 2988 698 3016 ,
714 2966 775 3024 quae
789 2946 943 3025 Pergamus
959 2946 1034 3006 olim

291 3051 404 3111 Artifici
419 3051 561 3128 descripsit
574 3071 643 3142 acu,
659 3065 719 3123 quae
732 3044 854 3104 stamina
869 3043 1030 3123 Memphis,

293 3145 367 3226 Quae
382 3147 478 3224 Tyros
493 3164 541 3206 aut
555 3146 682 3222 Babylon
696 3144 775 3204 radio
789 3139 906 3220 pinxire
922 3140 1053 3203 sonanti:

289 3248 331 3308 At
347 3247 426 3326 jacet
439 3249 469 3307 in
485 3245 569 3306 molli
584 3246 728 3324 projectus
739 3245 844 3322 cespite
857 3242 1008 3310 membra,

291 3341 361 3422 Qui
370 3363 456 3405 cavus
465 3363 581 3406 exesum
590 3365 696 3423 pumex
708 3344 861 3427 testudinar
872 3360 1007 3408 annum,
1033 3402 1036 3408 .

287 3439 392 3524 ¹Quive
402 3445 552 3508 susurranti
567 3446 676 3508 crinem
685 3446 735 3506 dat
742 3443 872 3523 aquatica
882 3456 973 3508 uento
1085 3444 1088 3450 '
