2692 4459
230 423 233 428 ’
323 460 366 538 aa
466 449 1086 530 sustenementum
1177 454 1178 515 3

327 555 474 622 Interdum
485 555 570 616 molli
578 557 701 635 patrium
713 576 759 617 tus
772 560 877 638 accipit
885 565 1008 627 umbrae
1067 625 1071 631 ,

324 657 412 722 Libet
425 655 475 718 ubi
484 655 594 736 penitus
603 677 736 719 curarum
747 698 758 729 ‚
771 661 915 741 animique
925 664 1035 728 solutus

325 757 479 836 Tantisper
492 756 628 834 respiret,
641 773 670 818 et
680 779 777 837 aspera
786 761 875 823 diluat
884 765 960 825 urbis

234 876 237 885 ‘
324 857 443 927 Taedia,
462 855 561 918 civiles
571 873 735 932 permutans
746 877 811 920 rute
823 863 973 924 tumultus.

323 959 406 1022 Nam
418 954 514 1018 medio
526 976 574 1023 seu
589 957 662 1018 forte
673 959 753 1019 calor
763 955 897 1019 decedere
911 963 966 1022 soli

262 1079 266 1086 ·
319 1059 509 1126 ‘Admoneat,
530 1057 605 1143 coelo
618 1057 720 1120 invitet
733 1073 782 1115 seu
791 1075 891 1134 vesper
902 1077 1004 1134 aperto
1043 1095 1046 1100 -
1121 1114 1123 1119 ,

323 1155 449 1225 Lutati,
468 1175 651 1233 summosque
664 1176 747 1234 super
761 1174 791 1216 se
807 1156 910 1216 tollere
920 1174 1053 1230 montes,

324 1256 371 1317 Ut
381 1275 410 1336 se
425 1271 575 1333 prospectu
585 1275 756 1334 camporum
769 1257 894 1318 oblectet
903 1276 1041 1317 amoenos
1060 1307 1067 1320 .

323 1355 434 1418 Blanda
448 1353 595 1434 fatigatam
605 1354 771 1416 mulcebunt
781 1354 883 1436 gaudia
894 1370 1035 1415 mentem.

321 1449 387 1532 lpse
404 1469 500 1514 aurem
516 1451 615 1515 lucum
631 1471 680 1512 seu
696 1453 754 1514 fors
769 1473 862 1514 errare
877 1471 928 1530 pet
941 1451 1053 1520 altum,

321 1551 402 1612 Cum
416 1547 561 1611 matutina
577 1571 713 1632 rumpunt
722 1573 824 1614 nemus
840 1571 929 1611 omne
940 1550 1090 1622 volucresi

321 1650 506 1734 Mugitusque
515 1652 605 1714 boum
615 1653 649 1714 de
658 1654 734 1716 vnlle
746 1651 841 1716 audire
855 1650 991 1720 reducta,
1076 1709 1080 1713 ,

321 1753 400 1817 Cum
411 1768 496 1832 pasrae
511 1770 540 1811 se
553 1771 582 1812 se
595 1751 719 1814 referunt
730 1752 766 1822 ad
780 1766 855 1812 tecta
865 1750 1016 1832 inverteret

322 1855 383 1916 Seu
398 1852 482 1913 flores
498 1849 636 1922 lustrate,
659 1851 884 1915 suosseuvisete
895 1850 1010 1919 fontes,
1081 1877 1084 1884 ·

321 1951 381 2015 Seu
394 1951 495 2014 villam
505 1968 586 2013 curas
599 1949 682 2008 malit
692 1947 801 2010 differre
809 1970 860 2029 per
871 1968 1013 2012 omnemt

320 2050 432 2114 Nescio
446 2069 503 2126 qua
512 2048 607 2108 laram
618 2067 715 2127 captus
725 2048 873 2111 dulcedine
885 2064 1034 2122 mentem,

322 2153 443 2215 Insanos
455 2147 584 2227 jamnon
596 2146 688 2218 aulae,
705 2168 768 2216 non
780 2149 855 2211 urbis
867 2149 993 2210 honores

322 2247 480 2328 Respiciet.
490 2244 569 2305 Nam
573 2244 641 2322 plus
652 2246 728 2310 silvae
739 2249 847 2326 rivique
857 2250 1031 2327 placebunt,

322 2351 362 2414 Et
376 2369 436 2428 quae
448 2366 519 2427 pura
527 2342 606 2406 venit
618 2365 691 2421 puro
702 2345 737 2406 de
748 2367 811 2408 rure
821 2347 972 2424 uoluptas,

324 2447 554 2522 Gramineusque
569 2457 666 2532 tonus
678 2444 728 2505 vel
739 2447 866 2525 simplice
875 2469 992 2510 somnus
1002 2445 1033 2506 in
1043 2445 1135 2512 lterbm

324 2545 425 2624 Quam
437 2541 545 2603 fotibus
559 2539 659 2598 domus
671 2541 747 2612 alta,
760 2545 982 2627 pavimentoque
995 2547 1108 2627 superba

322 2643 474 2710 Porticus,
492 2652 541 2699 aur
553 2635 636 2697 variis
646 2638 756 2714 pictum
768 2643 900 2720 laqueare
913 2644 1029 2728 figuris,

321 2742 386 2803 'Aut
399 2727 542 2817 exquisitae
551 2755 603 2814 pet
612 2753 687 2797 tecta
697 2742 834 2816 opulenta
846 2746 1010 2814 columnae,

324 2839 454 2920 Rupibus
465 2837 564 2900 excise
577 2837 841 2922 Mamis‚1ndove
851 2842 1033 2921 Elephamot
1075 2890 1079 2894 r

324 2941 421 3019 Atque
435 2939 524 3002 illusae
540 2955 631 3008 auro,
654 2937 802 3022 Belgisque
815 2945 954 3024 tapetibus
967 2942 1050 3014 ades,

324 3037 415 3103 Hunc
425 3057 481 3119 ego
491 3037 613 3098 Saturno
626 3039 772 3113 quondam
782 3058 917 3123 regnante
927 3040 1070 3121 putarim,

327 3135 466 3198 Mortales
475 3133 588 3216 primos
601 3134 852 3218 vivendiltabuisse
862 3158 1014 3211 tenorem,

327 3231 406 3294 Cutn
417 3230 513 3310 primae
522 3251 641 3310 quercus
650 3240 767 3323 oracula
776 3242 869 3318 prima
877 3242 1017 3306 ferebant.

328 3323 572 3419 Omneaevuniin
580 3335 689 3411 pratis,
707 3339 791 3401 molli
799 3344 849 3402 sub
859 3331 1108 3423 gannientem
1178 3344 1180 3421 l

327 3428 498 3514 Dtteebant,
518 3451 686 3522 montesque
702 3435 1111 3521 suoss'sueduminauorantq'
