2692 4459
359 543 363 556 .
401 482 604 552 LIBER
642 489 920 587 PRIMUS.⁴
1021 534 1069 584 ιη

238 586 302 651 Nec
317 584 416 666 pudor
427 602 469 648 est
480 586 642 652 Dominum
654 616 751 662 servos
762 603 857 666 audire
872 602 1027 678 docentes,
1048 585 1054 594 ⁵

237 687 341 766 Usque
355 709 450 752 novos
465 702 575 752 tentare
590 694 714 767 modos,
737 718 885 780 artemque
900 707 1014 770 colendi

235 787 310 848 Non
326 789 383 850 nisi
396 811 447 868 per
457 790 577 870 grandes
584 795 731 872 peccando
744 796 851 861 discere
863 822 1000 883 sumptus.

277 887 432 968 Ingenium
446 889 549 952 misere
564 910 749 973 torquemus,
762 916 794 959 ut
803 904 923 978 aequoris
934 927 1031 976 aestum

201 1063 206 1084 .
235 987 447 1066 Astrotumque
459 989 520 1050 vias
528 992 622 1052 studio
636 995 814 1070 speculemur
830 999 921 1067 inani.

238 1083 311 1164 Qud
323 1086 384 1148 sine
395 1086 549 1152 deficerent
558 1090 647 1152 viduae
661 1115 728 1156 curn
742 1097 851 1178 civibus
862 1099 963 1170 urbes,
1033 1158 1041 1166 ,

232 1182 389 1265 Frugiferae
403 1188 515 1250 cultura
528 1190 602 1267 jacet
613 1190 722 1252 telluris
734 1215 745 1266 ;
769 1212 797 1254 et
807 1215 897 1258 unum

215 1309 222 1326 ‹
234 1281 318 1344 Scire
328 1281 437 1362 pudet,
456 1286 545 1351 tacito
558 1289 700 1367 sequimur
710 1291 788 1368 quod
799 1294 870 1354 ruris
880 1315 1002 1376 amore;

233 1383 272 1444 Et
280 1403 342 1462 quo
356 1403 445 1464 regna
457 1389 552 1448 solent
565 1391 650 1450 armis
661 1391 817 1470 opibusque
829 1395 938 1472 vigere.

234 1485 319 1546 Alter
328 1486 408 1544 enim
418 1483 499 1544 culto
513 1505 679 1565 censusnec
694 1490 798 1550 certior
814 1512 906 1573 agro,

235 1585 349 1646 Militiae
362 1584 459 1662 potior
472 1603 564 1661 neque
577 1584 745 1661 disciplinae
758 1589 851 1666 pepito

234 1684 323 1744 Miles
333 1686 369 1744 ab
378 1683 520 1766 Agricola
529 1682 562 1742 fit
572 1669 701 1744 strendus
710 1698 795 1760 atque
803 1685 910 1750 laboris

235 1783 272 1845 Et
282 1784 410 1845 famisac
427 1786 536 1844 brumae
546 1781 657 1859 patiens
667 1803 677 1840 ε
687 1781 842 1861 agrestibus
853 1786 929 1848 olim

233 1884 329 1946 Roma
339 1885 407 1948 viris
418 1882 521 1946 orbern
533 1880 663 1952 domuit:
678 1880 736 1940 duo
745 1881 867 1944 fiumina
879 1885 949 1946 belli

232 1982 369 2062 Scipiadae
385 1978 502 2043 soluite
519 1983 636 2051 solum,
655 1981 808 2062 glebasque
823 1986 945 2046 ruebant

233 2076 924 2164 QudversaececiddremanuCarrbaginisarces.

269 2181 345 2241 Non
355 2179 413 2240 alia
425 2194 466 2240 est
477 2175 589 2238 sceleris
599 2179 690 2258 magis
706 2199 805 2257 expers
818 2182 897 2253 vita,
914 2186 1000 2250 beato

235 2279 335 2362 Quim
348 2301 410 2358 quae
423 2295 488 2338 rure
500 2275 553 2354 piis
564 2277 657 2357 agitur
669 2277 800 2358 longeva
809 2280 952 2356 colonis,

232 2379 402 2446 Ambitione
413 2376 539 2454 procul,
558 2373 716 2453 miserique
730 2377 862 2457 cupidine
873 2381 958 2446 lucri.

233 2480 312 2540 Hinc
319 2479 474 2540 hominum
482 2475 1062 2569 patrem,mundiDeusauthor‚agrestes

231 2579 325 2639 Edidit
335 2577 410 2638 inter
423 2596 512 2655 opes:
525 2591 602 2636 retro
615 2573 774 2637 labentibus
786 2577 867 2638 aunis

231 2681 328 2741 Aurea
338 2678 361 2738 si
372 2698 429 2755 qua
440 2675 515 2736 dedit
530 2675 646 2737 mortali
657 2675 758 2736 saecula
769 2674 868 2756 genti,

228 2775 375 2858 Agricolis
386 2769 492 2834 fluxdre
505 2773 592 2846 viris3
612 2791 696 2851 atque
706 2773 784 2834 illius
796 2775 849 2838 evi

229 2877 259 2938 Si
269 2897 326 2954 qua
335 2873 435 2950 relicta
447 2888 564 2931 manent
574 2871 718 2953 vestigia,
734 2893 798 2934 rure
808 2893 975 2954 supersuntq
1008 2934 1010 2943 ,

228 2975 329 3038 Floret
337 2973 387 3035 ubi
398 2991 475 3032 sacta
487 2969 611 3052 religio,
626 2973 773 3049 cultusque
785 2977 908 3048 supremi
981 2979 984 2984 '

229 3075 365 3138 Numinis
376 3095 386 3147 3
406 3071 556 3134 unanimes
562 3071 614 3165 pbi
626 3072 752 3134 cernitur
759 3071 834 3133 inter
846 3071 956 3138 amicos

229 3173 315 3236 Nuda
326 3172 414 3241 fides,
432 3169 527 3232 hostes
540 3173 613 3232 inter
624 3170 770 3248 placabilis
781 3171 834 3233 ita.

161 3304 163 3308 ·
230 3273 287 3335 ch
301 3273 382 3336 tenui
397 3269 474 3334 vietel
488 3269 635 3347 studioque
648 3270 753 3331 laboris
767 3269 881 3332 aluntur

226 3371 340 3437 lustitia
350 3386 380 3431 et
389 3369 480 3448 pietas
493 3395 502 3432 t
516 3370 625 3430 irritant
635 3365 738 3444 oppida
746 3368 868 3438 luxum,

225 3469 322 3534 Luxus
331 3470 505 3540 avaritiam,
520 3469 609 3530 scelus
621 3465 681 3526 hac
690 3467 849 3544 prorumpit
863 3467 892 3526 in
909 3489 1009 3539 omne.

325 3563 630 3652 'Vnuremlnm
891 3560 963 3643 'Cij
