2692 4459
214 455 216 459 ⁸
302 517 345 582 es
439 497 996 598 rurrsorrrcrm

301 667 1127 734 mmmmmssfflml'ssfifflfflss

301 801 549 894 ,VILLA
604 817 1128 897 SUBURBAM

307 965 336 1066 J
350 1011 407 1074 uri
417 1012 515 1097 jugera
525 1021 616 1091 pauca
626 1000 788 1084 Martialis,

305 1111 407 1176 Hortis
418 1111 608 1193 Hesperidum
619 1108 745 1171 beatiora
757 1149 768 1180 ‚

306 1208 412 1291 Longo
426 1209 552 1278 Jarriculi
566 1210 635 1289 jugo
649 1215 832 1280 recumbunts

305 1307 372 1370 Lari
380 1311 501 1372 collibus
511 1308 664 1370 imminent
672 1325 816 1371 recessura
844 1327 861 1360 ο
928 1345 931 1350 -

303 1405 343 1466 Et
356 1407 456 1486 planus
468 1407 585 1469 modico
599 1422 713 1468 rumore
726 1423 828 1469 vener

304 1504 391 1564 coelo
406 1504 556 1583 perfruitur
569 1504 712 1568 sereniore
723 1523 735 1574 ς

304 1599 344 1663 Et
353 1622 452 1665 curvas
462 1605 565 1666 nebula
575 1621 690 1684 tegente
701 1601 793 1664 valler

305 1701 392 1766 Solus
401 1704 466 1765 luce
478 1703 549 1764 niret
558 1699 709 1780 peculiari.

304 1796 386 1864 Puris
397 1803 500 1864 leniret
509 1799 792 1878 admoventurasrris

304 1899 397 1964 Celsa
409 1900 534 1963 eulmina
546 1893 667 1960 delicata
678 1898 766 1962 villa.

303 1997 382 2061 Hinc
395 2013 505 2076 septem
516 1990 649 2058 Domino
664 1994 760 2058 videre
771 2009 906 2072 montes,

301 2091 341 2158 Et
351 2113 443 2158 rotam
452 2096 522 2157 licet
531 2095 667 2158 estimare
676 2085 804 2160 Romam
815 2141 826 2173 ‚

301 2189 432 2260 'Albanos
443 2215 555 2278 quoque
565 2189 764 2275 Tusculosque
776 2197 865 2259 colles
873 2238 889 2269 ,-

300 2293 340 2356 Er
352 2293 538 2374 quodcunque
548 2295 623 2375 jacet
633 2299 684 2357 sub
694 2300 764 2359 urbe
772 2297 884 2378 frigus;

300 2386 423 2456 Fidenas
438 2409 566 2464 veteres,
582 2397 736 2476 brevesque
747 2397 879 2464 Rubras,

300 2487 339 2554 Er
349 2491 425 2571 quod
436 2491 567 2572 virgineo
579 2514 680 2556 cruore
689 2495 815 2576 gaudet,

298 2589 393 2652 'Arma
409 2587 584 2667 pomiferum
599 2610 701 2650 nemus
714 2586 859 2655 Pereunt.

298 2686 545 2759 intermisistis,
562 2687 732 2766 Salariaeque

300 2787 439 2849 Gestator
449 2803 549 2870 patet,
564 2787 669 2848 Essedo
679 2802 813 2857 tacente,

299 2885 349 2948 Ne
360 2886 465 2948 blando
478 2905 542 2948 rota
552 2887 588 2948 sir
601 2885 724 2947 molesta
734 2905 859 2960 sonmot

301 2985 401 3065 Quem
411 3007 465 3050 nec
475 3006 604 3066 rumpere
616 2986 647 3046 N
648 2986 774 3048 auticum
783 2985 952 3056 Celeusmas

299 3083 823 3158 Necclamorvaletllelciariorum3¹

299 3182 378 3246 Cum
389 3182 424 3243 sir
432 3199 493 3245 tam
501 3203 591 3263 prope
601 3184 738 3257 Milvius,
754 3201 922 3264 sacrumque

229 3281 834 3473 (kestrer‘sibrrimvolentcarinae.

299 3379 369 3443 Hoc
378 3381 459 3453 Rus,
478 3403 526 3446 seu
536 3384 630 3462 potius
646 3387 748 3448 domus
758 3381 889 3446 vocanda
899 3394 964 3455 erl,

299 3479 895 3562 §menternominussruamputabiss
