2692 4459
313 419 1101 529 *arnanonnnrun2n,

235 549 360 615 Gaudia
367 567 600 633 magnaparant3
611 544 908 625 secumquehabitare
919 565 1067 627 potentes,
1087 545 1101 607 9

234 653 271 714 N
273 673 313 713 on
326 652 423 714 aliena
433 650 498 731 vagi
508 662 679 734 concursant
688 646 790 709 limina
806 686 817 718 ,
830 664 941 725 tempus

237 751 288 812 Ut
298 749 455 828 pluvium,
471 747 564 809 ninrio
574 745 623 810 vel
633 745 764 809 adustum
773 745 834 807 rolc
844 765 1009 825 crepantes,

235 850 346 912 Mutua
356 868 386 911 se
397 868 492 911 rernm
501 868 598 912 vacuo
607 864 740 909 sermone
751 845 884 927 fatigent.
996 878 1000 889 ·

566 1002 769 1068 Vnurnn.

235 1124 1067 1262 tuttuuturunnututttuut

412 1327 883 1442 ‚Vtunnntn

433 1493 449 1523 0

244 1499 321 1603 Ac
334 1540 427 1605 veluti
437 1539 543 1607 miles,
560 1560 627 1601 cum
636 1538 788 1615 proximu!
797 1539 928 1603 imminet
940 1541 1049 1615 hostis,

242 1640 373 1703 Intentus
381 1638 453 1701 belli
464 1634 551 1714 signo
558 1651 638 1711 parat
649 1654 749 1703 anna,
765 1654 820 1696 nec
828 1636 912 1699 audet
1036 1676 1039 1683 .

243 1740 368 1820 injustas
382 1736 507 1799 miscere
516 1753 638 1803 manus,
654 1752 684 1797 et
694 1736 799 1797 vellere
810 1736 911 1818 rigna,

243 1836 322 1897 Ante
334 1850 422 1897 canat
430 1854 518 1913 quam
527 1853 613 1895 rauca
620 1833 685 1896 fero
694 1836 761 1895 tuba
772 1854 1069 1921 murmutcpugnamc

240 1933 291 1995 Sic
302 1933 353 1994 ubi
364 1933 426 2013 iam
436 1949 547 1996 matuta
559 1951 645 1997 vocat
654 1932 798 1997 vindemia
809 1932 917 2007 Cives,

242 2032 281 2093 Et
291 2033 504 2112 Dionysiacum
516 2034 679 2099 oecioetunt
688 2053 796 2097 cornua
805 2034 911 2099 bellum
922 2060 932 2113 ς

241 2132 368 2197 Ferrum
379 2154 481 2199 omnes
490 2134 559 2199 dura
572 2135 746 2216 setbigtmtin
757 2151 842 2205 eote,
859 2137 912 2198 riri
923 2157 979 2215 que

243 2232 282 2294 Et
291 2251 400 2295 matres
408 2253 552 2298 armantur
562 2258 573 2297 t
583 2255 652 2298 eunt
661 2236 770 2301 diversa
780 2234 899 2311 manipli

244 2329 303 2393 Pet
314 2332 382 2393 loca
395 2356 404 2393 ι
418 2336 563 2398 stridentes
572 2338 714 2401 subeunt,
728 2349 757 2393 et
766 2330 885 2411 agrestia
896 2354 991 2397 currus

243 2429 340 2491 Arma
351 2429 479 2493 vehunt:
493 2434 576 2494 collo
585 2453 658 2495 cava
668 2428 858 2491 tintinnabula
864 2430 977 2509 jactans

246 2527 274 2587 It
285 2528 426 2608 Sonipes,
443 2530 502 2593 late
511 2550 568 2611 que
577 2528 742 2591 sonantibus
751 2529 800 2591 ilia
810 2530 882 2593 rasis

245 2626 411 2701 Verberat,
425 2646 456 2690 et
464 2651 571 2694 resono
580 2630 646 2692 ferit
654 2650 739 2692 aurea
750 2627 838 2691 sidera
849 2631 944 2709 pulsu.

290 2728 390 2810 Urget
399 2750 484 2791 amor
492 2730 589 2809 praedae
600 2754 610 2791 a
622 2747 759 2792 structum
768 2730 896 2809 procedit
906 2735 1008 2809 apertis

246 2826 366 2908 Agmcn
377 2828 472 2910 agris;
485 2828 544 2907 jam
553 2848 609 2906 que
619 2845 756 2905 apparent
765 2824 907 2889 Baccheia
918 2830 1007 2910 longe

248 2924 374 3013 Castra,
391 2928 572 2990 racemiferos
582 2928 690 3007 quadro
700 2925 778 3005 queis
791 2924 974 3005 ordinatrices

246 3022 416 3103 Explicuit,
435 3025 518 3090 viridi
530 3045 585 3104 que
596 3025 677 3089 Deus
687 3025 847 3086 munimine
859 3022 955 3101 sepsit.

249 3123 416 3201 Pampineis
429 3125 557 3207 speciosa
567 3124 659 3188 virent
669 3124 793 3185 tentoria
805 3124 898 3196 velis,
924 3118 927 3125 ’
941 3132 948 3143 ·
971 3196 974 3202 ,

250 3225 289 3287 Et
300 3227 475 3288 matutinum
486 3226 558 3288 rudo
571 3226 642 3287 bibit
657 3220 760 3285 aethere
769 3242 867 3283 rorem

248 3324 320 3388 Uva
331 3348 382 3389 ma
393 3330 445 3388 sub
455 3323 579 3393 fronde,
594 3324 665 3383 maii
681 3340 777 3383 secura
789 3321 887 3384 futuri.
990 3308 992 3312 ¹

287 3424 422 3491 Rusticus
430 3424 545 3486 interea
555 3420 673 3500 propior
685 3421 747 3501 iam
755 3421 856 3487 vitibus
866 3422 971 3495 instat,

915 3522 945 3580 K
959 3520 984 3601 tj.
