2692 4459
306 479 347 548 'td
442 475 650 546 RURIS
685 477 1022 549 DELICIAE-

313 579 443 660 Imperiis
456 579 600 658 populos,
616 599 671 642 nec
682 601 752 658 opes
762 583 921 655 crudelibs,
936 585 1025 649 instar

309 682 456 752 Velleris,
476 681 511 742 ad
522 681 780 750 vivumresecare,
799 680 938 758 superflua
948 686 1062 751 tantini

308 783 366 847 sed
377 783 434 844 leni
445 783 564 844 tondere
577 801 664 842 manu
675 782 749 851 ,dac
762 780 864 841 ducere
876 786 987 858 pressis·

308 881 440 950 Molliter
451 883 603 951 uberibus,
621 903 682 942 non
698 881 868 963 immulgere
883 898 1049 960 cmorem.'¹

345 981 388 1042 At
399 1003 490 1045 vacua
500 981 613 1044 incultis
624 999 656 1042 ut
667 997 826 1042 eranttunc
836 983 935 1042 omnia
945 982 1049 1058 terris,

307 1078 449 1142 Custodes
459 1079 572 1142 Ovium
581 1081 648 1142 loca
662 1081 830 1158 perdeserta
840 1096 997 1161 vagantum

307 1181 377 1244 Alta
388 1183 437 1241 sub
447 1181 548 1242 ir'mubi
563 1196 730 1260 peragentes
740 1179 798 1239 otia
812 1181 909 1248 coelo,

306 1279 381 1350 Non
392 1277 504 1342 tantum
520 1277 642 1356 didicere
651 1279 746 1359 gregis
759 1303 820 1357 quae
830 1302 897 1341 cura
908 1278 1006 1340 tuendi

306 1377 452 1456 Optima,
472 1398 534 1456 quae
549 1375 666 1436 morbos
677 1391 708 1434 et
718 1398 779 1455 quae
789 1377 860 1437 ferat
871 1376 958 1439 herba
973 1377 1121 1458 salutern}
1202 1399 1204 1454 ζ

306 1474 410 1536 A'e'rias
427 1491 535 1536 tentare
546 1474 666 1542 domos,
688 1472 830 1552 Lunaque
845 1475 957 1539 labores

306 1575 345 1637 Et
355 1559 465 1638 vadium
481 1575 547 1636 coeli
559 1573 667 1652 placuit
679 1593 853 1654 cognoscere
865 1597 991 1646 morem,

305 1675 460 1741 Servatum
475 1675 560 1756 primi
577 1675 664 1734 tacito
678 1673 802 1734 labentia
813 1693 895 1736 motu

303 1773 401 1836 Sidera
411 1797 422 1848 ς
434 1792 626 1837 transversum
640 1771 739 1832 mundi
751 1775 916 1836 revolubilis
926 1794 1014 1837 axem

301 1873 341 1935 Et
354 1873 487 1955 geminos
501 1869 622 1934 statudre
632 1871 738 1950 polos,
757 1869 912 1950 Solemque
924 1873 1013 1934 secuti

239 2013 242 2020 .
303 1973 336 2034 N
338 1974 491 2051 ominaque
503 1989 532 2034 et
543 1991 679 2034 numeros
693 1969 785 2050 Signis
794 1968 906 2042 scodre,
923 1971 1056 2034 volentes

303 2071 349 2132 Ut
362 2070 458 2148 pecori
474 2086 502 2131 et
513 2071 598 2132 stellis
610 2071 693 2130 Aries
702 2068 760 2131 dux
771 2089 844 2132 esset
855 2093 866 2145 ;
879 2089 909 2133 et
917 2069 993 2130 idem

302 2165 410 2237 Coelo,
423 2167 472 2246 qui
483 2171 600 2234 stabulis
613 2185 762 2238 armenta,
776 2171 922 2237 reduceret
933 2179 1055 2236 annumJ

345 2268 394 2330 illi
405 2268 476 2330 adeo
487 2273 618 2334 volucres
633 2268 737 2332 imitati
747 2291 820 2332 voce
830 2290 969 2340 canoras,

233 2373 234 2378 ’
301 2368 444 2438 Dulcibus
458 2368 532 2435 inter
548 2391 577 2430 se
592 2368 677 2448 primi
690 2371 873 2453 concentibus
889 2389 971 2430 auras

300 2468 480 2546 implorante
494 2472 622 2534 calamos
633 2467 721 2528 etiarn
730 2467 822 2528 fecere
833 2468 989 2544 loquaces,

302 2565 386 2644 Quos
397 2568 461 2644 pice
471 2567 519 2628 vel
531 2562 635 2642 liquidi
649 2565 743 2642 plures
756 2564 932 2646 conjungere
946 2562 1038 2635 ceri,

301 2665 339 2725 Et
349 2665 474 2724 numeris
486 2663 555 2722 dare
568 2663 677 2729 uerba,
694 2660 832 2739 pedesque
844 2662 978 2745 affingere
991 2660 1087 2727 verbis

300 2759 449 2826 Institudtc
464 2787 472 2824 r
490 2759 593 2822 modos
609 2744 836 2838 pastoralemque
851 2762 976 2826 cicutam

303 2863 334 2923 N
336 2884 392 2924 unc
407 2861 495 2924 etiam
510 2863 599 2927 Vates
612 2857 797 2926 adhibemus,
810 2875 842 2919 ut
854 2859 914 2921 otia
928 2859 999 2921 ruris

300 2946 540 3040 Tranquillo'sque
553 2959 632 3042 dies,
653 2970 818 3034 castumque
833 2978 968 3020 canamus
984 2973 1134 3021 amorem:
1191 3027 1194 3032 ,

631 3093 641 3125 ρ
738 3096 749 3118 ο
848 3096 859 3121 v
956 3096 966 3116 ⁰
1064 3093 1078 3120 ο

276 3177 282 3191 x
302 3199 314 3224 Ι
411 3197 423 3218 0
521 3195 533 3221 Ι
628 3195 640 3218 9
738 3193 748 3218 Ι

296 3321 300 3326 ,
337 3254 411 3334 Qnae
427 3243 555 3314 manibus
570 3251 679 3312 sulcare
688 3233 750 3312 'suis
764 3271 833 3331 gens
843 3250 933 3330 prisca
944 3252 1083 3328 solebat,

300 3355 364 3415 Nos
377 3352 452 3415 avidi
463 3344 586 3418 fructus,
599 3347 847 3431 imprudentesque
857 3353 1011 3420 laborum,
1073 3395 1087 3414 .

299 3451 424 3516 Horrida
439 3449 529 3512 furaci
538 3449 727 3526 permittimus
735 3473 803 3518 arva
811 3441 943 3523 colonos
979 3482 982 3486 ·
