2692 4459
324 531 379 583 ²14
475 500 678 567 RURIS
715 502 1030 570 DELICIAE..
1111 530 1113 535 ·
1182 494 1183 571 i

321 606 466 689 Quamvis
475 627 536 668 non
546 606 645 667 odium
654 628 715 667 non
727 628 792 670 cura
805 608 961 675 domestica
970 608 1059 671 tectis·
1182 598 1183 627 ¹

318 711 486 771 Absterrent
498 730 506 767 ε
519 726 662 768 setonam
675 727 789 785 vespere
801 709 890 771 laetior
901 709 973 770 aedes

318 804 478 889 Ingreditur
489 828 500 881 ς
512 824 634 885 caraque
640 806 741 867 sedens
751 826 816 867 cum
829 808 974 888 conjuge,
991 822 1090 869 narrat

321 908 404 987 Quas
419 906 497 969 culto
508 925 569 983 spes
579 924 642 965 rure
652 904 756 973 refert,
772 905 912 984 auditque
923 903 1050 969 uicissim

321 1005 484 1069 commoda
495 1020 600 1082 quanta
610 1002 709 1075 domi,
724 1002 815 1067 facilis
824 1006 1011 1083 quamvictus
1021 1023 1141 1089 agrestes

248 1093 253 1103 ⁸
305 1106 399 1167 -Inter
410 1124 498 1181 opes,
515 1103 603 1180 pleno
612 1100 703 1163 fundit
713 1124 782 1179 quas
795 1099 878 1183 copia
891 1124 993 1167 cornu.
1056 1145 1063 1183 ‚

319 1206 444 1287 irriguus
457 1204 550 1281 parcis
559 1201 658 1265 hortus
671 1203 719 1263 dat
731 1202 860 1265 oluscula
874 1203 999 1273 mensis,

320 1303 414 1365 Chors
423 1304 531 1361 Anates
540 1300 639 1361 Pullos
650 1320 705 1379 que
718 1320 729 1373 ς
745 1298 801 1361 suis
813 1300 849 1361 ab
864 1302 987 1366 ovilibus
1001 1303 1090 1365 herba
1104 1293 1108 1301 ’

323 1402 434 1483 lusciug
441 1402 542 1485 Agnus
551 1402 647 1470 adest,
662 1402 698 1461 ab
714 1397 783 1461 hara
795 1400 961 1475 Porcellus,
979 1407 1014 1465 ab
1031 1404 1101 1486 agris
1182 1392 1183 1461 ᾗ

317 1504 356 1571 E:
365 1502 478 1585 Lepus,
497 1521 526 1565 et
537 1504 658 1583 plumbo
669 1498 771 1563 Perdix
784 1520 844 1578 quae
856 1504 984 1563 constitit
992 1522 1059 1563 uuo.

316 1595 324 1616 '
358 1606 514 1677 formosus
528 1624 641 1685 quoque
654 1622 723 1687 grex
738 1599 854 1679 puerum
865 1624 913 1663 sua
927 1601 1031 1682 gaudia
1041 1598 1117 1662 vultu

320 1710 473 1788 Explicat,
490 1723 519 1767 et
530 1726 587 1784 quo
596 1722 684 1781 poma
694 1702 762 1761 loco
773 1720 882 1763 matura
893 1706 1061 1772 rubescant,

321 1810 447 1871 Pendeat
461 1823 510 1869 aut
520 1804 590 1864 ficus
601 1822 657 1879 qua
667 1798 787 1860 mollior
801 1802 922 1869 arbore,
938 1800 1005 1861 totis

322 1906 434 1985 Qu'aer'it
447 1905 520 1986 agris
535 1926 547 1963 a
563 1922 667 1965 vacuas
683 1898 773 1959 studio
786 1896 934 1959 venatibus
944 1898 1027 1961 horas

320 2005 410 2066 Fallit
420 2026 433 2077 ·‚
448 2020 477 2064 et
488 2000 601 2062 insidias
610 1996 712 2059 Turdo
723 1998 840 2058 molitus
851 1998 930 2060 edaci
941 2038 953 2069 ,

320 2105 456 2175 Gaudet,
473 2119 502 2163 et
512 2101 571 2177 ipse
579 2118 665 2159 suam
673 2090 777 2157 iriensis
788 2116 930 2177 apponere
941 2096 1074 2175 predam

361 2203 498 2283 Utjuvat
510 2198 651 2261 Autumni
662 2200 739 2259 soles
752 2199 792 2260 ita
803 2199 925 2259 condere
938 2215 1021 2264 rure,

321 2296 1064 2384 oppidaqueetvanosanimocontemnerefastus,

320 2404 464 2465 Naturam
475 2424 532 2481 que
541 2403 640 2482 sequi,
657 2422 717 2462 non
727 2399 835 2459 famam
847 2396 962 2458 ertriste
973 2394 1070 2457 decori

321 2501 496 2570 Servitium,
517 2504 594 2580 quod
603 2502 633 2563 in
645 2505 713 2579 urbe
723 2500 801 2582 jubet
813 2506 928 2559 tenuate
940 2496 1041 2562 voraci·

319 2598 443 2661 Divitias
452 2599 542 2667 luxu,
559 2597 808 2661 turbafamulante
818 2598 961 2681 fragosos¹

318 2698 477 2777 Angustare
489 2694 584 2765 lares,
600 2716 670 2757 auro
687 2698 816 2774 fugere,
832 2718 964 2776 suosque

319 2795 473 2882 Pascendis
479 2796 603 2858 aliorum
616 2796 707 2859 oculis
717 2782 863 2859 absumere
873 2816 987 2859 tensus,

320 2896 415 2975 Quod
424 2897 489 2959 satis
499 2913 541 2959 est
552 2894 616 2959 vita
624 2895 753 2975 poscenti
764 2916 853 2973 pauca
864 2896 1010 2957 ministrat·¹

320 2997 414 3059 Terra·
423 2997 516 3062 virium
526 2976 620 3057 nutrix
631 3020 640 3057 r
652 3017 711 3057 non
722 2994 932 3074 pulmentaria,
949 3012 1025 3053 raras

320 3093 353 3155 N
354 3098 535 3157 ouvolucres
544 3096 619 3176 frugi
629 3094 791 3157 stomachus
802 3135 812 3165 ‚
830 3114 894 3155 non·
904 3097 972 3156 orbe
982 3088 1100 3173 perime

320 3193 369 3254 Eu
376 3196 435 3256 aiio
448 3197 549 3258 vinum
559 3196 619 3257 sitis
629 3195 779 3257 ambitiosa
789 3194 916 3273 requirite

317 3295 373 3356 sed
384 3296 462 3355 facili
473 3315 573 3357 seruos
582 3315 634 3355 usu
645 3335 660 3363 ,
673 3286 724 3355 vsed
733 3296 838 3377 frigore
849 3306 964 3364 vestes,

316 3392 355 3454 Et
365 3393 507 3453 comitum
517 3396 587 3455 latu
597 3395 689 3455 mensi
699 3394 835 3459 convivia·
843 3410 939 3463 eoeru,

315 3489 388 3550 Non
398 3492 592 3572 pompeium
604 3515 685 3573 que,
702 3492 1031 3587 sibieonftantiaparrm
