2692 4459
366 464 567 547 LIBER
607 474 925 561 QUARTUS.
1009 484 1124 559 κγ’

206 586 296 651 Vel
307 608 370 648 non
382 585 441 646 hoc
450 582 572 652 referes,
588 602 712 659 pennata
723 585 857 655 Potitia,
876 608 1010 661 carmen,

316 669 378 747 Vel
388 684 499 752 fracta,
515 683 608 752 dixit,
626 683 717 744 victus
730 685 814 745 abibo
826 684 901 761 lyra,

211 784 283 845 Sic
295 782 359 851 ait,
377 799 426 850 et,
442 802 494 859 per
505 782 555 843 fila
569 784 691 849 volans,
708 781 793 841 simul
804 778 877 851 hos,
898 782 983 847 simul
994 784 1064 847 illos

316 879 462 940 Sollicitat
471 878 562 961 digito
574 879 730 939 mobiliore
744 878 860 941 modos.

211 981 398 1042 Excurrunt
408 1020 420 1048 ,
437 979 553 1040 redeunt
566 1024 575 1053 ‚
593 977 646 1038 sibi
657 998 686 1039 se
698 978 866 1057 fugientibus
880 976 984 1041 instant

312 1076 454 1153 Praecipiti
469 1078 600 1139 volucres
613 1074 758 1137 sedulitate
771 1096 882 1137 manus.

215 1177 355 1259 Segnius
369 1174 519 1253 Amphion
533 1175 621 1244 lusit,
635 1172 702 1234 dum
716 1190 829 1251 promta
845 1173 953 1249 juberet

312 1273 361 1335 Ad
378 1294 513 1335 numeros
525 1274 643 1355 cytharae
657 1292 769 1336 currere
783 1294 849 1334 saxa
863 1294 929 1337 suae.

215 1374 268 1437 Et
277 1373 378 1452 strepit
387 1390 417 1435 et
428 1376 533 1445 tinnit,
548 1376 626 1453 pipat
637 1394 692 1452 que
704 1405 717 1443 ς
729 1372 795 1451 lipit
804 1394 858 1451 que
871 1415 881 1445 ‚
892 1374 966 1453 pipit
975 1394 1031 1451 que
1041 1414 1056 1444 ,

310 1475 445 1535 Alternat
454 1494 510 1552 que
521 1474 602 1535 omni
612 1492 690 1534 tensa
701 1492 803 1533 sonore
814 1472 891 1535 fides.

219 1574 277 1636 Ut
286 1572 408 1652 Lyricen
420 1591 514 1635 totam
525 1572 675 1641 insumit,
691 1593 777 1649 quam
790 1574 910 1643 calluit,
925 1590 1037 1635 artem:

309 1674 355 1734 Ex
366 1672 522 1753 inopinato
536 1670 658 1747 denique
669 1670 774 1731 claudit
785 1692 867 1748 opus.

220 1770 355 1833 Auribus
367 1770 487 1833 arrectis
501 1786 652 1847 expectat,
670 1789 707 1829 an
723 1770 838 1845 aemulus
850 1768 910 1829 ales

309 1871 417 1933 Rursus
431 1870 594 1949 Apollinea
608 1886 715 1939 certet,
733 1885 764 1929 ut
777 1886 862 1935 ante,
879 1867 959 1945 lyrae·

220 1968 268 2028 At
280 1968 350 2046 quia
364 1968 473 2030 siccatis
485 1970 545 2049 jam
557 1969 685 2031 faucibus
697 1968 784 2033 hoeret
797 1970 911 2037 a'c'dons

307 2063 406 2124 Desiit
418 2084 561 2129 extremos
573 2069 643 2131 lassa
658 2070 763 2131 referre
773 2090 870 2132 sonos.

221 2156 368 2238 Namque
381 2164 545 2227 canaliculis
557 2164 718 2229 discrimina
730 2184 808 2231 tanta
821 2168 938 2229 minutis

308 2260 459 2333 Reddere,
475 2279 520 2323 tot
530 2282 618 2327 voces
631 2262 761 2341 simplice
774 2284 848 2326 voce
863 2264 974 2343 nequit.

224 2359 302 2421 Non
318 2358 417 2421 didicit
429 2360 505 2420 solas
518 2360 624 2441 agitare
639 2363 768 2439 superbia
781 2380 916 2437 mentes3

249 2452 251 2456 ’
309 2456 350 2517 Er
361 2458 494 2521 volucres
507 2459 581 2537 ipsas
594 2461 684 2543 tangit
697 2458 815 2521 honoris
831 2480 923 2524 amor.
958 2518 961 2524 ,

224 2554 266 2617 se
282 2555 362 2619 vina
376 2556 535 2635 ptnlomela
550 2534 648 2633 aad„
664 2558 832 2639 puduitque
845 2559 959 2631 adem
988 2551 990 2557 ·

310 2656 394 2718 Muta
408 2680 463 2738 que
477 2661 528 2720 sub
540 2644 633 2724 tacitis
642 2660 788 2723 frondibus
803 2682 854 2723 ora
867 2656 951 2743 tegit.

225 2756 329 2836 Impar
344 2757 478 2827 tristitie,
495 2758 618 2819 modulis
630 2760 785 2823 uictoribus
797 2759 912 2839 impar,

310 2856 439 2926 Deficit,
457 2872 486 2916 et
500 2873 584 2918 cantu
598 2856 745 2917 deficiente
761 2854 845 2915 cadit.
947 2870 950 2875 ’
968 2880 971 2884 ·

227 2952 286 3013 Sed
303 2954 378 3015 cadit
390 2955 420 3015 in
437 2953 584 3033 cytharam
601 2955 660 3018 fato
675 2950 833 3031 philomela
847 2950 976 3011 decoro:

311 3052 399 3116 Hanc
414 3074 471 3137 ego
485 3050 650 3115 crediderim
665 3052 705 3115 sic
718 3050 839 3113 voluisse
852 3046 940 3113 mori.

269 3205 434 3275 Scottis.
451 3205 546 3271 Larus
562 3206 689 3296 Allegop.
706 3206 745 3271 L.
767 3228 796 3288 3.
816 3200 901 3290 Eleg.
920 3226 970 3273 ro.
