2692 4459
294 509 329 584 38
427 491 976 570 RURISDELICIAE.

289 609 332 668 At
345 602 438 674 mihi,
456 599 639 670 Lamonide,
658 600 748 662 venia
764 618 860 662 tamen
874 602 941 666 inde
953 609 1059 672 mereri
1101 606 1107 623 ¹

289 704 345 764 Nil
359 723 454 781 queo,
474 720 529 762 nec
545 700 626 782 vulgi
638 701 754 781 injustas
765 721 947 780 compescere
960 728 1062 770 voces.

291 801 407 882 Nempe
417 799 501 863 simul
510 817 619 861 nostras
633 817 679 858 res
692 821 827 880 prospera
836 802 893 865 fata
903 805 1079 880 secundant,

289 903 398 980 Sponte
408 899 480 960 mihi
490 899 603 960 Aonios
612 917 682 960 tunc
693 921 722 959 se
732 901 876 964 recludere
887 903 980 964 fontes

289 1001 390 1071 Ilicet,
409 1018 438 1061 et
452 999 592 1062 Phoebum
606 999 722 1062 credunt
731 1001 767 1060 ad
780 1001 853 1080 jussa
869 1003 978 1065 venire.

289 1103 333 1162 En
344 1100 496 1169 Lonor'x,
512 1101 594 1162 famae
608 1100 632 1160 si
644 1100 805 1170 credimus,
823 1103 922 1163 omnia
935 1103 1012 1164 ferro

287 1199 410 1264 Vindice
424 1199 575 1260 disturbare
591 1217 670 1278 parat
685 1223 694 1260 ε
710 1198 910 1276 jam'firlminis
923 1204 1010 1265 instar

286 1299 363 1360 Ecce
374 1298 575 1361 Valencennas
590 1297 690 1374 irrupit
703 1298 797 1360 victor
812 1302 842 1360 in
856 1323 956 1375 arces;

214 1469 217 1479 s
286 1399 323 1459 Et
333 1396 478 1475 quondam
489 1393 639 1456 Hectoreae
654 1397 841 1476 scopulusque
853 1417 882 1461 et
891 1400 1011 1462 dedecus
1021 1398 1093 1460 aule

282 1497 495 1565 cameracum,
511 1496 596 1556 fastus
608 1494 747 1556 dediscere
760 1497 848 1574 coepit
859 1498 976 1567 Iberos,
1083 1487 1086 1489 Α

286 1595 398 1672 Exque
414 1611 522 1672 arquata
530 1593 596 1654 solo
610 1609 654 1654 tot
670 1597 884 1676 propugnacula
893 1599 1007 1668 cernit,

286 1693 324 1754 Et
338 1709 431 1772 stupet
445 1692 554 1754 invicto
569 1691 687 1752 vallatas
695 1714 799 1774 aggere
808 1711 918 1768 turres,

284 1791 517 1860 victorianum,
536 1788 644 1870 ingenti
661 1789 793 1850 cecidisse
809 1789 901 1853 ruini.

282 1892 397 1953 Dicitur
410 1906 439 1951 et
453 1909 536 1949 caesas
546 1889 623 1950 ferro
637 1887 766 1949 stravisse
778 1883 936 1970 phalanges

284 1992 437 2063 Nassavii,
454 1987 709 2062 Andomarumque
719 2005 798 2049 novo
808 1988 1049 2068 clarassetropaeo

284 2091 427 2152 Aurelius.
442 2085 539 2147 Proh!
560 2101 664 2165 quanta
681 2106 760 2167 seges
775 2105 805 2147 se
819 2087 929 2149 vatibus
940 2086 1036 2150 offert.

285 2187 384 2268 Quem
399 2187 487 2266 pleno
498 2186 566 2248 fluet
581 2173 695 2246 Aonius
704 2185 755 2245 tibi
769 2185 886 2247 flumine
900 2184 1031 2247 torrens!

283 2288 339 2350 His
352 2285 423 2347 mihi
432 2279 574 2348 Blanditiis
584 2279 660 2343 male
669 2283 787 2360 palpum
798 2283 922 2344 obtrudit
931 2283 1061 2354 amicus,

283 2387 405 2468 Hdeque
421 2403 500 2449 atate
514 2401 593 2464 putat
608 2400 651 2444 tor
664 2383 733 2445 foeta
743 2383 906 2453 Heroibus,
922 2399 983 2444 arte

279 2473 419 2554 Carmina
435 2490 475 2550 sic
490 2485 584 2564 fingi,
600 2483 679 2543 bello
694 2478 893 2562 expugnantur
905 2496 937 2540 ut
950 2482 1046 2542 urbes.

280 2591 402 2654 Insolito
416 2585 488 2645 mihi
504 2601 571 2643 tunc
585 2599 710 2641 arescere
726 2600 799 2641 vena
812 2597 948 2656 stupore,
1003 2581 1007 2589 '

280 2690 318 2752 Et
332 2687 439 2748 nescire
454 2680 515 2762 pari
529 2699 580 2757 par
592 2676 692 2738 deinde
707 2679 812 2740 referre
827 2681 947 2758 iocanti.

281 2791 329 2852 Sic
340 2789 463 2870 linguae,
478 2783 519 2843 sic
532 2780 612 2843 vocis
624 2779 727 2856 inops,
743 2780 815 2851 tibi,
834 2779 955 2850 Gallia,
971 2779 1070 2842 stultus

282 2891 401 2956 Invideo
418 2885 514 2966 partos
528 2903 564 2944 ex
581 2878 661 2942 omni
677 2897 763 2960 gente
778 2880 948 2959 triumphos.
1093 2883 1096 2888 ’

319 2991 402 3054 Felix
416 2983 434 3046 ὂ
448 2983 457 3046 !
473 2981 594 3046 nimilrm
608 2981 678 3042 felix
688 2989 701 3048 ,’
715 2976 804 3039 vitare
819 2976 963 3060 malignos

282 3092 345 3170 Qui
360 3104 447 3148 cretus
462 3083 614 3144 hominum
626 3079 740 3157 potuit3
760 3098 846 3153 quem
860 3093 937 3136 sorte
949 3078 1065 3136 beatum

279 3185 392 3273 Exigui
403 3183 504 3266 procul
519 3179 634 3260 dvulgo
648 3177 719 3258 regit
731 3177 850 3257 angulus
862 3199 872 3249 3
888 3197 957 3237 aura

280 3283 380 3368 Quem
391 3305 451 3346 non
461 3279 568 3344 afflavit
576 3295 765 3340 transversum
774 3297 847 3339 vana
859 3275 968 3358 fugacis

278 3385 440 3454 Gloriolae,
460 3380 514 3442 soli
528 3379 580 3442 sui
594 3379 690 3441 vivere
704 3380 803 3446 laetus,
822 3394 851 3436 er
865 3374 906 3437 oti

277 3487 412 3556 Diuidere
423 3479 538 3546 arbitrio
554 3477 648 3540 dulces
659 3475 795 3560 inglorius
810 3471 914 3552 horas!
