2692 4459
370 494 573 566 LIBER
615 492 939 587 QUARTUS.
1022 508 1076 587 ¹¹03

322 602 450 665 Fronde
463 604 514 663 sub
530 600 611 662 omni
623 601 758 679 folioque

326 702 457 766 Fructus
470 701 554 763 floret
568 702 694 780 opimus.

215 844 462 911 Hznmcus
482 846 720 911 Srurrrruur.
741 842 798 909 Od.
821 866 871 927 3⁷·
895 864 931 907 ex
951 838 1054 909 Groeco

373 924 573 991 Anacreontis.

221 1050 1079 1168 *mmmmmeuworssmffl

222 1224 525 1306 ,VERNA
584 1222 1081 1301 TEMPESTA'S

312 1386 398 1453 ΕΤ
430 1386 633 1453 ituris
665 1386 1011 1452 ruuourcr

348 1534 414 1598 Ac
446 1534 664 1598 rrrrsrur
698 1532 984 1603 rumurrrsi
1032 1504 1050 1577 ἶ

238 1686 299 1780 O
314 1724 373 1767 int
384 1720 430 1765 rr
446 1717 509 1763 turn
519 1698 609 1761 coero
622 1699 716 1761 rident
728 1698 848 1789 hiltrm
858 1718 979 1763 sereno:

237 1801 355 1863 Annus
364 1799 427 1883 agit
437 1798 599 1878 zephiros,
618 1822 691 1880 quor
702 1800 786 1863 molli
800 1801 930 1885 gramine
941 1799 1024 1863 tellus

237 1901 366 1981 Excipit
378 1941 390 1970 ‚
406 1916 435 1961 er
445 1916 531 1961 cantu
543 1900 673 1963 exultans
684 1900 845 1989 Philomela
858 1892 982 1969 salutii,

238 1996 369 2061 Lmiui
381 2017 543 2088 quegreges
553 2000 710 2076 persultant
719 2001 823 2081 pabula
835 2000 919 2074 laeta,

242 2094 385 2160 Laetifico
396 2114 506 2159 mentes
514 2100 637 2177 perculsi
648 2121 715 2162 vere
726 2099 867 2163 novellas.

287 2197 367 2259 Non
380 2196 434 2257 iilo
447 2199 592 2276 quisquam
606 2221 655 2261 me
667 2218 798 2280 ternpore
808 2200 893 2261 dutus
903 2199 933 2263 irr
945 2188 1060 2266 Urbem

245 2297 296 2359 Ire
309 2296 403 2367 velit,
420 2297 516 2377 jubeat
527 2320 582 2377 que
593 2322 663 2361 meo
678 2300 819 2361 discedere
831 2318 895 2359 rure
908 2323 917 2361 r

249 2393 371 2457 Gaudia
382 2396 452 2458 ruris
462 2418 561 2457 amem
571 2398 741 2459 liberrimus.
753 2392 783 2457 Ο
797 2392 805 2455 !
817 2396 888 2465 ubi,
906 2396 954 2475 qui
966 2416 1037 2467 me,

250 2493 346 2553 Alma
357 2494 440 2556 'suro
452 2535 463 2567 ‚
478 2496 576 2579 riguos
587 2496 714 2559 delatum
726 2493 802 2557 sistat
812 2494 846 2557 ad
857 2513 976 2566 amnes,

250 2593 366 2655 Carum
377 2595 451 2657 inter
459 2593 587 2678 Ligerim
600 2617 656 2676 que
666 2636 677 2667 ‚
694 2596 751 2659 suis
763 2595 811 2676 qui
821 2592 948 2658 maxima
958 2591 1063 2659 Franci

250 2690 399 2754 Litoribus
407 2694 465 2756 late
481 2697 632 2759 ostendunt
641 2698 780 2761 miracula
792 2696 874 2760 ruris.

249 2791 364 2863 Salve,
379 2791 399 2853 ὂ
411 2791 419 2854 !
431 2816 535 2879 magna
549 2817 649 2874 parens
661 2796 812 2859 hortorum
824 2834 834 2865 ‚
852 2796 942 2873 patria
953 2795 1061 2871 telluri

252 2891 313 2953 cui
325 2913 386 2953 non
394 2894 507 2957 Bantini
518 2896 604 2956 saltus
613 2933 624 2965 ‚
633 2915 689 2956 nec
699 2896 791 2956 molle
801 2894 961 2955 Tarentum
971 2932 983 2963 ,

258 2992 294 3053 N
295 3013 334 3053 on
347 2992 505 3058 Surrentini
515 2992 629 3061 colles,
645 2992 735 3054 valles
748 3010 802 3069 que
813 2990 944 3059 Sabirae,

254 3088 409 3173 Nonager
420 3093 571 3161 OEbalius',
591 3106 707 3171 regnata
719 3110 774 3167 que
784 3109 848 3150 rura
858 3087 1023 3163 Phalanto,

254 3187 329 3251 Non
340 3211 372 3251 se
383 3210 412 3251 se
422 3192 593 3271 aequiparent
602 3191 700 3253 felices
710 3190 825 3253 Tiburis
837 3194 953 3256 umbre.

253 3285 337 3349 Adde
348 3309 470 3350 omnem
481 3288 576 3349 loeram
586 3288 651 3350 rivis
660 3305 690 3349 et
700 3289 825 3353 fontibus
837 3310 938 3360 oram,
973 3303 975 3307 '

253 3386 409 3451 Pratorum
420 3389 579 3449 immensos
590 3404 709 3457 menis,
724 3404 753 3448 et
764 3408 877 3449 amoerra
891 3388 1045 3453 secundum

252 3487 414 3560 Flumina,
429 3487 559 3554 uitiferos
568 3502 687 3567 utroque
698 3484 830 3552 exlitore
841 3485 943 3641 ⁶⁰¹¹l⁸⁵3

932 3600 963 3646 tv
