2692 4459
296 435 343 490 1¹6
440 419 992 490 RURISDELICIAE.

305 535 1132 651 deminuunt-tenturum

306 717 462 795 vrrn
493 685 764 797 rt'usrlca:
795 722 872 836 ΕΤ
897 724 1130 800 Lnuoxt

348 869 654 960 sternere
705 870 1091 968 incusarunt.

306 1107 391 1200 Pru
403 1123 487 1190 ades,
504 1135 532 1180 et
541 1117 621 1196 curvi
632 1121 810 1180 mecumsub
818 1120 926 1184 fornice
935 1123 996 1184 saxi

304 1221 438 1286 Versibus
448 1217 580 1296 indulge,
596 1215 691 1274 medio
702 1216 771 1277 dum
781 1217 902 1282 Plroebus
911 1222 941 1280 in
952 1240 1005 1282 axe
1015 1237 1080 1290 eet,

303 1321 384 1382 Dum
395 1316 485 1400 gemit
496 1313 590 1392 erepti
600 1315 727 1376 viduatus
737 1336 869 1394 compare
881 1319 1010 1387 Turtur,
1097 1336 1101 1343 ·

289 1419 383 1480 Dum
395 1437 444 1477 sua
454 1412 577 1489 torquati
591 1431 722 1489 repetunt
731 1415 832 1477 dictata
843 1417 1000 1495 palumbes.

286 1513 361 1582 :ch
374 1529 486 1576 resonat
495 1511 600 1572 blando
611 1511 661 1570 tibi
671 1513 753 1588 pinus
766 1535 861 1578 amata
875 1534 1008 1587 msurr03
1099 1581 1103 1588 ¹

301 1614 360 1683 Hic
369 1635 441 1696 vaga
450 1609 581 1673 coniferis
592 1609 716 1670 insibilat
725 1602 793 1674 aura
803 1616 958 1696 cupressist

301 1713 360 1775 Hic
370 1710 499 1774 scatebris
507 1709 591 1780 salit,
613 1726 641 1767 et
650 1708 821 1772 bullantibus
832 1713 918 1774 incita
932 1708 1012 1773 venis

261 1853 263 1856 -
302 1811 375 1870 Pura
387 1810 530 1870 coloratos
546 1807 716 1881 interstrepit
729 1809 809 1914 und&
814 1810 946 1888 lapillos:

300 1907 359 1968 Hic
370 1893 417 1967 tua
429 1904 528 1967 vicinis
542 1904 612 1964 ludit
622 1903 727 1964 lasciva
742 1902 791 1964 sub
803 1909 928 1977 umbris,

299 2009 367 2076 Jatn
377 2001 481 2066 duditm
491 2002 580 2086 nostri
591 2001 728 2079 captatrix
738 2004 890 2078 carminis,
906 2002 1000 2077 Echo.¹

339 2103 422 2164 Felix
437 2103 486 2163 ille
502 2101 589 2161 animi
601 2141 610 2170 ‚
620 2101 758 2182 Ditisque
773 2103 934 2172 simillimus
949 2103 1037 2182 ipsis,

299 2202 399 2280 Quem
413 2218 472 2260 non
485 2200 614 2260 mendaci
629 2201 805 2282 resplendens
814 2203 907 2282 gloria
917 2202 985 2262 fuco

297 2301 459 2370 Sollicitat,
475 2320 534 2360 non
543 2301 638 2360 f'astosi
649 2302 724 2360 mala
734 2298 835 2382 gaudia
843 2293 944 2371 luxuss

297 2401 354 2464 Sed
363 2401 463 2462 tacitos
473 2399 538 2462 sinit
547 2399 587 2458 ire
600 2399 678 2468 dies,
699 2417 726 2462 et
735 2418 856 2478 paupere
868 2398 949 2459 cultu

298 2500 394 2580 Exigit
405 2499 533 2556 innocuae
546 2498 695 2573 tranquilla
706 2497 816 2558 silentia
826 2497 910 2565 vitae,

297 2600 379 2660 Urbe
395 2595 516 2673 procul,
531 2594 591 2652 voti
602 2595 741 2678 exiguum
759 2611 921 2677 sortemque
936 2591 1075 2671 benignus
1109 2610 1113 2614 ·

296 2698 359 2772 Ipse
369 2713 448 2752 suam
460 2691 539 2751 fovet
547 2709 605 2761 ‚pet
619 2693 734 2754 modico
745 2707 895 2761 contentus
907 2709 1011 2758 acervo

296 2794 367 2854 Non
377 2811 436 2868 spes
446 2789 529 2850 corde
540 2792 653 2862 avidas,
673 2814 732 2852 non
742 2814 838 2855 curam
849 2793 938 2874 pascit
946 2793 1080 2867 inanem,

296 2891 434 2957 Securus,
451 2885 506 2966 qud
521 2891 629 2967 sceptra
638 2891 759 2960 cadant,
773 2893 819 2967 cui
831 2893 890 2953 dira
899 2891 1042 2954 minentur

293 2990 377 3060 Astra
389 3027 399 3056 ‚
420 3005 448 3046 et
458 2989 601 3068 sanguinei
613 2991 693 3070 jubat
702 2992 818 3059 exitiale
829 2992 968 3054 comete,

292 3089 364 3148 Non
374 3085 457 3146 illurn
465 3085 570 3162 fragilis
581 3083 683 3155 lavor,
702 3085 886 3165 indocilisque
899 3085 1010 3162 potenti

291 3183 374 3246 Plebs
383 3201 492 3244 servare
502 3184 607 3253 fidem,
624 3202 755 3248 eventurn
764 3184 946 3264 popularibus
955 3181 1028 3252 auris

291 3283 401 3344 Casuro
410 3280 532 3358 imponit
542 3283 637 3354 solio,
657 3305 711 3346 nec
720 3285 796 3347 ducit
806 3305 941 3348 ovantem

290 3379 357 3444 Hbc
367 3378 437 3442 illic
450 3390 539 3444 vanos
554 3399 695 3456 ostentans
709 3387 936 3466 purpura'fasces.
1049 3438 1052 3443 ⁴
1194 3420 1195 3433 κ

537 3479 541 3486 ’
1034 3478 1105 3540 Non
