2692 4459
345 488 549 572 mann
598 468 897 574 Tanatus,
999 535 1036 595 ,ς

206 608 297 690 Atque
310 614 448 691 frequens
460 632 549 691 vapor
559 612 589 670 in
603 611 708 670 nubem
720 626 869 671 concretus
880 631 1019 690 aquosam

206 711 320 788 Spicatae
333 713 428 792 segeti
437 721 544 780 nocet,
561 728 589 772 et
600 709 765 772 florentibus
775 708 849 771 uvis.

241 809 271 870 N
272 801 312 868 en
324 809 430 886 cupide
440 807 586 888 visumque
596 809 686 870 semel
696 809 859 869 mercabere
868 805 999 876 fundum.

206 907 281 986 Saepe
296 911 353 969 soli
363 910 453 974 facies
465 931 578 990 quoque
590 907 683 970 fallit:
695 905 801 967 amictu
811 945 822 973 ,
834 924 978 986 agetque,

208 1003 287 1080 Quos
300 1007 344 1068 vis
354 1027 512 1079 essenos,
529 1009 619 1089 longo
632 1005 905 1067 noscantntabusu.
1108 1081 1113 1086 ῃ

208 1101 276 1180 Quae
287 1109 365 1168 bona
376 1126 444 1182 sunt
457 1106 627 1186 propriaque
638 1101 734 1166 valent
745 1099 867 1169 virtute,
882 1101 1034 1179 placebunt

207 1207 295 1281 Usque
305 1207 413 1289 magis.
429 1205 510 1266 Rarae
518 1205 629 1286 fruges,
643 1200 823 1282 virgultaque
834 1202 938 1279 passim

207 1300 266 1363 Nec
279 1325 402 1382 procera
422 1303 507 1373 eatis,
524 1321 617 1381 neque
633 1321 719 1362 succo
732 1300 837 1379 plena,
853 1299 996 1365 docebunt

207 1397 235 1457 si
249 1403 322 1478 quod
336 1403 416 1466 inest
432 1420 512 1464 tettae
528 1401 629 1465 vitium
641 1423 651 1474 ς
671 1404 720 1463 sed
731 1403 825 1465 tabida
839 1399 906 1460 coeli

210 1499 237 1560 Si
247 1501 326 1563 fuerit
335 1503 447 1586 plaga,
469 1503 547 1586 signa
560 1503 665 1562 dabunt
675 1499 822 1562 manifesta
829 1513 959 1568 senectus

210 1599 323 1673 Rarior,
339 1601 464 1664 informi
473 1603 578 1664 macies
588 1601 737 1678 pallorque
750 1601 898 1660 colentum

213 1699 268 1762 Ore
284 1703 404 1773 sedens,
425 1700 582 1763 oculorum
594 1701 669 1762 acies
683 1699 808 1770 offensa,
826 1701 957 1760 laborant

212 1794 323 1871 Pectus,
341 1820 370 1863 et
383 1800 505 1877 infirmo
516 1818 614 1882 segnes
623 1801 654 1862 in
664 1821 786 1882 corpote
795 1817 918 1864 mentes,

246 1893 320 1958 Lene
332 1899 425 1969 fluens
439 1901 515 1986 coela
527 1901 687 1962 consentiat
698 1902 771 1964 unda
786 1893 901 1964 salubri.

246 2190 291 2254 Ne
305 2195 440 2272 placeant
454 2185 555 2275 precul
566 2192 667 2260 'accitis'
675 2219 736 2276 quae
750 2197 894 2275 splendida
910 2184 1033 2277 lymphi's

217 2284 285 2366 Saepe
298 2311 416 2373 gravant
430 2297 584 2360 Dominos-
594 2316 719 2374 operoso
730 2297 830 2374 pnaedia
841 2299 946 2360 cultu..

220 2384 321 2452 Natntae
333 2415 392 2456 non
403 2393 475 2456 artis
489 2414 555 2456 ama
565 2395 649 2454 decus
660 2393 753 2473 :elige
762 2393 864 2456 villam

218 2479 304 2560 Quam
312 2509 434 2556 nemora
446 2510 476 2556 et
487 2485 598 2563 fontes,
614 2491 761 2575 longoque
772 2491 893 2558 virentia
904 2479 995 2555 tractu

219 2580 1034 2676 prat22situsquelenimenquantlaboritnpto'busntnett'

220 2675 332 2764 Quaque
341 2711 406 2755 suos
420 2695 491 2757 luxu
499 2695 604 2757 fructus
613 2698 743 2759 absumat
752 2697 851 2762 inani:

221 2773 262 2838 Ne
274 2788 318 2862 qui
332 2791 465 2858 debuerat
474 2813 502 2857 te
513 2815 626 2876 pascere
636 2795 759 2870 fundus,
775 2800 869 2861 alatur

218 2873 460 2969 lpsetuisopibus'e
496 2937 552 2976 ἱ.
635 2935 645 2956 .
728 2937 738 2954 .
818 2936 829 2958 .
909 2900 970 2956 3'

251 3077 485 3154 Necmodornris
497 3109 586 3168 opes,
607 3085 655 3148 sed
666 3085 818 3170 vectigalia
828 3087 924 3164 notit3

199 3225 203 3234 .
220 3169 251 3232 Et
262 3181 325 3243 sciat
337 3189 464 3270 expensis
475 3204 585 3266 superet
596 3208 656 3265 quae
668 3188 753 3266 eopia
762 3188 854 3252 factis.

219 3268 317 3340 Cuncta
327 3286 487 3351 minutatim
499 3307 643 3366 querens,
661 3287 817 3370 interroget
825 3291 902 3369 ipsos

220 3364 356 3448 Agricolas
367 3383 645 3456 ;·videatsatutis·an
656 3384 719 3445 laeta
729 3383 863 3452 Juvencis
880 3447 886 3458 ,

220 3455 292 3534 Ptata
301 3474 410 3562 vitent3
424 3483 602 3550 domibus-ne
611 3485 723 3557 trabes,
739 3487 899 3562 mendaque
910 3485 988 3566 tigna

833 3583 859 3644 E
877 3581 907 3647 iv
934 3604 938 3610 ·
1010 3627 1014 3636 ι
