2692 4459
347 507 971 585 LIBERSECUNDU&
1036 543 1075 602 η

226 615 336 692 Carpe
353 613 436 676 viam
450 611 542 687 (mihi
555 613 637 673 crede
650 616 664 683 )
676 636 795 688 comes,
810 619 948 682 terrestria
958 625 1072 700 qnando

226 711 387 775 Mortales
402 710 511 771 animas
525 709 626 773 vivunt
640 714 756 785 sortita,
774 734 866 795 neque
877 719 936 781 ulla
948 739 1012 792 est,
1076 724 1081 732 “

226 815 301 873 Aur
311 829 443 892 magno,
454 828 503 871 aut
511 831 601 888 parto
612 810 685 870 lethi
692 811 761 894 fuga
771 835 864 893 aquo,
876 820 970 891 bone,
981 822 1069 898 cirea,

225 912 322 972 Dum
337 909 422 978 lieet,
438 908 469 967 in
479 911 560 970 rebus
570 908 697 986 jucundis
708 913 774 975 vive
786 916 903 979 beatus:

227 1012 320 1074 Vive
331 1025 445 1069 mernor
456 1004 542 1085 quint
553 1008 588 1068 sis
599 1008 652 1070 aevi
662 1012 764 1074 brevis.
774 1009 845 1075 Hac
854 1013 906 1078 ubi
915 1017 990 1080 dicta

228 1111 396 1192 Agrestent
410 1106 546 1186 pepulere
557 1146 567 1177 ‚
580 1109 670 1168 domo
681 1109 751 1170 levis
762 1111 853 1175 exilit.
868 1118 938 1178 Inde

228 1211 342 1270 Ambo
357 1207 532 1285 propositum
547 1225 685 1290 peragunt
699 1208 775 1280 iter,
797 1214 872 1276 urbis
883 1232 998 1279 aventes
1018 1285 1022 1292 Ι

227 1306 350 1370 Moenia
365 1303 497 1365 nocturni
512 1300 803 1388 subrepere-'Jamque
816 1315 931 1374 tenebat
1013 1349 1020 1364 ι

228 1405 268 1466 N
270 1425 311 1465 ox
325 1403 451 1464 medium
467 1404 532 1464 cosli
544 1406 664 1481 spatium
674 1429 684 1466 s
694 1427 760 1467 curn
772 1411 857 1486 ponit
867 1430 986 1490 uterque

178 1515 181 1520 '
230 1505 270 1564 In
287 1504 434 1580 locuplete
446 1500 535 1561 domo
551 1502 689 1583 vestigia,
704 1511 789 1568 rubro
804 1509 853 1569 ubi
864 1530 958 1572 cocco

233 1603 344 1663 Tincta
356 1621 439 1680 super
451 1600 542 1660 lectos
553 1602 687 1662 canderet
695 1606 779 1664 vestis
789 1609 932 1670 eburnosr
1069 1681 1073 1687 .

230 1701 384 1778 Multaque
399 1699 434 1760 de
449 1693 556 1777 magni
570 1715 744 1775 superessent
757 1701 865 1763 fercula
880 1702 985 1774 steni,
1035 1707 1064 1768 β’

231 1797 312 1877 Quae
323 1799 425 1878 procul
441 1798 573 1859 extructis
587 1799 703 1858 'inerant
715 1795 844 1862 hesterna
861 1804 1002 1868 canistris·

230 1899 313 1980 Ergo
323 1896 371 1958 ubi
382 1893 525 1976 purpurei
534 1897 737 1975 porrectumin
747 1917 824 1960 veste
835 1899 945 1964 locavit

228 1997 406 2078 Agrestem,
424 1995 513 2056 veluti
525 1997 684 2059 succincnrs
694 2001 807 2060 cursitat
818 1998 945 2078 hospess

230 2095 448 2173 continuatque
459 2095 562 2175 dapes:
574 2118 628 2159 nec
637 2119 698 2160 non
709 2099 855 2163 verniliter
862 2098 930 2178 ipsis

144 2279 145 2282 Ἴ
229 2194 375 2279 Fungitur
388 2195 503 2276 officiis,
520 2199 704 2274 praelambens
717 2219 824 2272 omne,
845 2195 1022 2276 quodaffetr,

267 2297 322 2358 nte
332 2299 438 2358 cubans
450 2299 555 2377 gaudet
568 2293 678 2359 mutati
693 2311 767 2355 sorte
779 2297 940 2375 :bonisque

229 2396 326 2458 Rebus
336 2397 395 2480 agit
407 2397 505 2458 larum
517 2396 671 2458 convivam
684 2413 770 2454 :eum
780 2393 873 2457 subito
881 2397 980 2478 ingens

229 2495 389 2559 Valvarum
405 2493 538 2573 strepitus
552 2495 633 2556 lectis
647 2493 768 2554 excussit
781 2511 936 2572 urnisque.

168 2592 174 2602 '
228 2583 351 2659 Currere
365 2615 417 2674 per
433 2609 528 2655 totum
542 2592 638 2672 pavidi
652 2592 814 2664 conclave,
834 2591 984 2674 magisque

228 2693 382 2755 Exanimes
395 2691 556 2770 trepidare,
573 2691 657 2755 simul
667 2691 770 2754 domus
784 2693 843 2756 alta
857 2691 991 2754 molossis

227 2790 376 2854 Personuit
388 2789 522 2852 canibus·
528 2789 607 2852 Tum
616 2791 733 2853 ntsticus
745 2817 755 2854 r
768 2793 844 2858 haud
853 2789 926 2852 mihi
937 2791 998 2854 vira

228 2887 278 2950 Est
288 2909 361 2968 opus
370 2886 446 2958 hac,
464 2887 523 2956 ait,
538 2903 567 2947 et
573 2889 683 2952 valeas.
695 2892 745 2950 Me
755 2892 855 2967 sylva,
869 2905 1012 2962 casusque

226 2987 316 3053 Tutus
329 2991 366 3052 ab
381 2987 491 3051 insidiis
504 2985 584 3047 tenui
597 2988 735 3050 solabitur
747 3009 831 3052 ervo.

433 3153 437 3162 ’
465 3143 688 3213 Hortarius.
706 3143 802 3234 Satyr.
818 3153 847 3208 6.
863 3138 901 3215 L·
918 3163 948 3210 τ.
