2692 4459
299 493 338 564 si
434 479 634 555 runis
671 473 977 553 narreris.

299 590 386 654 Unde
396 593 514 654 *lacum
525 583 650 670 spectare
659 589 746 658 litet,
763 597 850 667 quent
861 609 945 652 scena
958 607 1081 655 coronat

298 689 428 752 frondea
438 731 449 760 ,
461 710 529 752 nam
537 687 648 772 gemini
657 687 793 749 coiuntes
803 707 884 776 ruore
895 689 999 750 theatri

299 789 435 868 Undique
445 803 580 868 protenso
589 784 696 849 tollun't
704 805 735 847 se
747 785 874 865 margine
885 788 973 866 ripae,

299 887 381 967 Quas
394 888 475 948 illinc
484 887 580 948 avium
592 885 686 954 sedes,
702 903 731 946 et
740 905 857 963 quercus
867 905 896 946 et
905 888 967 947 ilex
975 927 988 954 ,

297 983 422 1064 Populus
432 985 498 1047 hinc
510 983 619 1053 ambit,
635 983 808 1061 sociataque
820 983 924 1046 vitibus
934 992 1035 1046 ornus·¹

297 1083 370 1145 Non
383 1083 484 1163 procul
500 1083 617 1160 obliquo
632 1099 729 1143 curvat
744 1083 816 1144 latus
829 1082 920 1143 orbita
933 1075 1034 1150 flexu,

296 1183 454 1265 ¹Assurgens
463 1191 518 1258 que
531 1195 614 1242 novae
628 1181 771 1256 templum
783 1179 972 1257 supereminet
978 1180 1078 1246 A1b23

299 1280 440 1342 Francisci
450 1278 495 1340 cui
505 1297 582 1338 sacta
591 1276 695 1338 cohors
705 1278 877 1340 famulatur:
889 1279 1016 1340 adaram

297 1377 356 1440 Hic
372 1381 422 1440 tibi
437 1380 478 1439 fas
493 1395 606 1455 superos
621 1374 651 1434 in
665 1392 734 1436 vota
747 1397 874 1448 vocare,
891 1377 1028 1440 Sacerdos

297 1476 378 1538 Dutn
394 1494 487 1538 sancte
500 1476 609 1555 peragit
623 1475 696 1552 passi
711 1476 842 1552 mysteria
855 1475 975 1536 Christi,

297 1576 373 1636 Mox
386 1577 532 1658 gradiens,
549 1576 634 1648 uario:
644 1595 699 1650 qua
712 1573 824 1634 tramite
838 1573 937 1636 dividit
950 1562 1048 1633 hortus

297 1673 439 1745 ¹Aretias,
456 1676 604 1754 mistoque
618 1673 730 1734 oletum
744 1669 909 1751 florumque
922 1674 1025 1734 colore

297 1767 394 1852 Pingit
403 1771 543 1843 humum,
560 1771 685 1834 nemoris
694 1788 786 1853 gratas
795 1771 914 1833 ascende
926 1772 1111 1850 permutas}

295 1871 347 1933 Est
361 1872 410 1933 ubi
423 1873 530 1934 montis
541 1891 624 1949 apex.
637 1870 741 1950 Capiet
750 1888 778 1932 te
793 1870 865 1931 mita
878 1871 1022 1948 voluptas·

295 1967 329 2030 si
340 1969 568 2048 circumspicias,
582 1985 698 2047 aspectu
708 1969 810 2033 videtis
820 1987 880 2030 uno

295 2066 432 2146 Oppida,
446 2089 615 2147 camponun
625 2087 749 2139 tractus,
759 2067 907 2146 silvasque
919 2086 1085 2143 comantem

295 2161 422 2236 Pascua,
438 2167 593 2230 clementes
605 2170 714 2240 colles,
730 2165 1021 2245 tuendarumque

295 2259 451 2334 Etmaria,
467 2283 497 2328 et
509 2283 642 2338 montes,
657 2282 774 2348 augusta
783 2285 837 2344 que
851 2264 957 2327 tnoenia
966 2266 1080 2330 Rome·

332 2359 421 2425 Nunc
433 2383 509 2446 age,
529 2367 646 2429 solertes
659 2365 796 2444 protende
807 2384 857 2444 pet
870 2365 969 2427 otnnia
977 2365 1070 2439 visust

295 2456 340 2518 En
354 2479 444 2540 prope
459 2465 589 2545 subjectis
605 2465 678 2530 vites
693 2465 724 2524 in
740 2463 860 2525 collibus
871 2485 958 2528 uvam
1074 2489 1097 2521 s

294 2555 447 2635 objiciunt
461 2563 571 2634 oenus,
591 2581 668 2624 ostro
685 2581 746 2639 quae
760 2577 848 2623 certat
861 2577 891 2624 et
903 2583 995 2633 turo,
1029 2597 1033 2602 ·

293 2651 332 2714 Et
346 2656 443 2718 latices
456 2658 568 2726 fundit,
583 2660 709 2722 referunt
720 2679 781 2736 quae
794 2658 863 2721 vina
870 2658 1000 2725 Falerni.

295 2748 430 2813 Ostentat
440 2753 572 2816 Pomona
584 2775 649 2817 suos
658 2777 695 2819 ex
705 2758 806 2819 arbore
819 2757 924 2832 foetus3

295 2845 371 2930 Quae
388 2870 443 2930 que
454 2849 542 2916 fluant
552 2850 823 2937 musqpromitsua
833 2858 917 2934 praela
927 2857 1037 2936 Lym

292 2949 402 3030 'Aspice
412 2953 583 3034 planitiem,
601 2956 803 3038 gregibusque
811 2954 941 3038 gramina
954 2956 1058 3034 passim

294 3047 440 3124 Exhibet‚
457 3069 487 3114 et
500 3053 557 3116 lare
567 3073 685 3133 campos
693 3075 765 3134 quos
776 3055 880 3132 praebet
889 3053 1030 3122 arandos,
1174 3081 1177 3086 ·

296 3145 343 3211 Ut
350 3149 430 3233 larga
443 3150 556 3216 Tiberis
568 3151 705 3218 ditescant
713 3151 817 3220 horrea
824 3171 935 3225 messes

298 3387 400 3506 soff*
413 3371 466 3444 uae
477 3391 675 3466 uniuntur·
689 3396 715 3451 n
731 3394 802 3461 uiue
819 3393 967 3465 rpiseopue
979 3393 1020 3448 a·
1034 3391 1112 3458 mene
