<?xml version="1.0" encoding="UTF-8"?>
<!DOCTYPE html PUBLIC "-//W3C//DTD XHTML 1.0 Transitional//EN"
    "http://www.w3.org/TR/xhtml1/DTD/xhtml1-transitional.dtd">
<html xmlns="http://www.w3.org/1999/xhtml" xml:lang="en" lang="en">
 <head>
  <title>
</title>
<meta http-equiv="Content-Type" content="text/html;charset=utf-8" />
  <meta name='ocr-system' content='tesseract 3.04.00' />
  <meta name='ocr-capabilities' content='ocr_page ocr_carea ocr_par ocr_line ocrx_word'/>
</head>
<body>
  <div class='ocr_page' id='page_1' title='image "./rurisdelicicoll00bertgoog_0102.png"; bbox 0 0 2692 4459; ppageno 0'>
   <div class='ocr_carea' id='block_1_1' title="bbox 292 451 1103 2320">
    <p class='ocr_par' dir='ltr' id='par_1_1' title="bbox 292 451 1103 942">
     <span class='ocr_line' id='line_1_1' title="bbox 292 451 996 548; baseline -0.003 -20"><span class='ocrx_word' id='word_1_1' title='bbox 292 471 346 530; x_wconf 71' lang='lat' dir='ltr'>1de</span> <span class='ocrx_word' id='word_1_2' title='bbox 436 459 644 528; x_wconf 74' lang='lat' dir='ltr'>RU&#39;Rrs</span> <span class='ocrx_word' id='word_1_3' title='bbox 679 451 996 548; x_wconf 67' lang='lat' dir='ltr'>DEchlAE.</span> 
     </span>
     <span class='ocr_line' id='line_1_2' title="bbox 298 557 1103 642; baseline -0.005 -13"><span class='ocrx_word' id='word_1_4' title='bbox 298 567 459 634; x_wconf 79' lang='lat' dir='ltr'>Sideribus,</span> <span class='ocrx_word' id='word_1_5' title='bbox 475 563 523 642; x_wconf 90' lang='lat' dir='ltr'>pia</span> <span class='ocrx_word' id='word_1_6' title='bbox 533 561 608 639; x_wconf 90' lang='lat' dir='ltr'>quod</span> <span class='ocrx_word' id='word_1_7' title='bbox 619 575 702 621; x_wconf 86' lang='lat' dir='ltr'>nasto</span> <span class='ocrx_word' id='word_1_8' title='bbox 712 562 862 623; x_wconf 84' lang='lat' dir='ltr'>molimine</span> <span class='ocrx_word' id='word_1_9' title='bbox 872 583 940 624; x_wconf 80' lang='lat' dir='ltr'>cura</span> <span class='ocrx_word' id='word_1_10' title='bbox 1094 557 1103 566; x_wconf 53' lang='lat'>¹</span> 
     </span>
     <span class='ocr_line' id='line_1_3' title="bbox 300 649 1040 742; baseline -0.009 -14"><span class='ocrx_word' id='word_1_11' title='bbox 300 661 472 728; x_wconf 84' lang='lat' dir='ltr'>Pontificum</span> <span class='ocrx_word' id='word_1_12' title='bbox 482 660 582 724; x_wconf 83' lang='lat' dir='ltr'>struxit</span> <span class='ocrx_word' id='word_1_13' title='bbox 591 649 699 720; x_wconf 77' lang='lat' dir='ltr'>Petro:</span> <span class='ocrx_word' id='word_1_14' title='bbox 714 677 763 729; x_wconf 88' lang='lat' dir='ltr'>re,</span> <span class='ocrx_word' id='word_1_15' title='bbox 779 659 888 731; x_wconf 85' lang='lat' dir='ltr'>Paule,</span> <span class='ocrx_word' id='word_1_16' title='bbox 903 661 1040 742; x_wconf 77' lang='lat' dir='ltr'><strong>loquetur</strong></span> 
     </span>
     <span class='ocr_line' id='line_1_4' title="bbox 301 758 1063 839; baseline 0.007 -16"><span class='ocrx_word' id='word_1_17' title='bbox 301 759 469 828; x_wconf 69' lang='lat' dir='ltr'>Posterius,</span> <span class='ocrx_word' id='word_1_18' title='bbox 477 759 591 822; x_wconf 80' lang='lat' dir='ltr'>laudem</span> <span class='ocrx_word' id='word_1_19' title='bbox 601 782 656 839; x_wconf 89' lang='lat' dir='ltr'>que</span> <span class='ocrx_word' id='word_1_20' title='bbox 671 762 726 822; x_wconf 86' lang='lat' dir='ltr'>tuis</span> <span class='ocrx_word' id='word_1_21' title='bbox 737 758 813 822; x_wconf 89' lang='lat' dir='ltr'>hanc</span> <span class='ocrx_word' id='word_1_22' title='bbox 820 760 948 824; x_wconf 80' lang='lat' dir='ltr'>laudibus</span> <span class='ocrx_word' id='word_1_23' title='bbox 959 766 1063 827; x_wconf 80' lang='lat' dir='ltr'>addet.-</span> 
     </span>
     <span class='ocr_line' id='line_1_5' title="bbox 295 859 1000 942; baseline 0.004 -20"><span class='ocrx_word' id='word_1_24' title='bbox 295 861 380 936; x_wconf 46' lang='lat' dir='ltr'>,Nan</span> <span class='ocrx_word' id='word_1_25' title='bbox 394 859 445 920; x_wconf 80' lang='lat' dir='ltr'>uisi</span> <span class='ocrx_word' id='word_1_26' title='bbox 458 859 574 922; x_wconf 88' lang='lat' dir='ltr'>debetur</span> <span class='ocrx_word' id='word_1_27' title='bbox 587 873 670 923; x_wconf 67' lang='lat' dir='ltr'>tante</span> <span class='ocrx_word' id='word_1_28' title='bbox 683 883 747 942; x_wconf 84' lang='lat' dir='ltr'>pars</span> <span class='ocrx_word' id='word_1_29' title='bbox 759 860 886 921; x_wconf 80' lang='lat' dir='ltr'>maxima</span> <span class='ocrx_word' id='word_1_30' title='bbox 899 863 1000 925; x_wconf 83' lang='lat' dir='ltr'>molis.</span> 
     </span>
    </p>

    <p class='ocr_par' dir='ltr' id='par_1_2' title="bbox 296 957 1075 1729">
     <span class='ocr_line' id='line_1_6' title="bbox 336 957 1041 1036; baseline 0 -15"><span class='ocrx_word' id='word_1_31' title='bbox 336 960 390 1021; x_wconf 88' lang='lat' dir='ltr'>Sed</span> <span class='ocrx_word' id='word_1_32' title='bbox 402 976 451 1020; x_wconf 90' lang='lat' dir='ltr'>tua</span> <span class='ocrx_word' id='word_1_33' title='bbox 461 957 529 1020; x_wconf 88' lang='lat' dir='ltr'>dum</span> <span class='ocrx_word' id='word_1_34' title='bbox 538 959 641 1028; x_wconf 79' lang='lat' dir='ltr'>vario,</span> <span class='ocrx_word' id='word_1_35' title='bbox 654 959 811 1029; x_wconf 85' lang='lat' dir='ltr'>Laurenti,</span> <span class='ocrx_word' id='word_1_36' title='bbox 828 959 938 1020; x_wconf 88' lang='lat' dir='ltr'>lumina</span> <span class='ocrx_word' id='word_1_37' title='bbox 949 959 1041 1036; x_wconf 82' lang='lat' dir='ltr'>pascis</span> 
     </span>
     <span class='ocr_line' id='line_1_7' title="bbox 297 1056 962 1141; baseline 0.003 -25"><span class='ocrx_word' id='word_1_38' title='bbox 297 1056 475 1136; x_wconf 68' lang='lat' dir='ltr'>Prospectu,</span> <span class='ocrx_word' id='word_1_39' title='bbox 489 1057 601 1136; x_wconf 85' lang='lat' dir='ltr'>rapidos</span> <span class='ocrx_word' id='word_1_40' title='bbox 612 1059 688 1120; x_wconf 80' lang='lat' dir='ltr'>Coeli</span> <span class='ocrx_word' id='word_1_41' title='bbox 698 1081 748 1139; x_wconf 93' lang='lat' dir='ltr'>per</span> <span class='ocrx_word' id='word_1_42' title='bbox 758 1061 843 1122; x_wconf 86' lang='lat' dir='ltr'>inane</span> <span class='ocrx_word' id='word_1_43' title='bbox 853 1061 962 1141; x_wconf 83' lang='lat' dir='ltr'>jugales</span> 
     </span>
     <span class='ocr_line' id='line_1_8' title="bbox 298 1157 1035 1238; baseline 0.001 -22"><span class='ocrx_word' id='word_1_44' title='bbox 298 1157 420 1216; x_wconf 78' lang='lat' dir='ltr'>Phoebus</span> <span class='ocrx_word' id='word_1_45' title='bbox 435 1175 540 1238; x_wconf 82' lang='lat' dir='ltr'>agens,</span> <span class='ocrx_word' id='word_1_46' title='bbox 556 1157 660 1218; x_wconf 88' lang='lat' dir='ltr'>minuit</span> <span class='ocrx_word' id='word_1_47' title='bbox 670 1158 805 1233; x_wconf 83' lang='lat' dir='ltr'>jucundas</span> <span class='ocrx_word' id='word_1_48' title='bbox 815 1158 901 1218; x_wconf 85' lang='lat' dir='ltr'>altior</span> <span class='ocrx_word' id='word_1_49' title='bbox 909 1158 1035 1218; x_wconf 87' lang='lat' dir='ltr'>umbras.</span> 
     </span>
     <span class='ocr_line' id='line_1_9' title="bbox 300 1251 1075 1334; baseline 0.004 -20"><span class='ocrx_word' id='word_1_50' title='bbox 300 1253 373 1332; x_wconf 84' lang='lat' dir='ltr'>Quae</span> <span class='ocrx_word' id='word_1_51' title='bbox 387 1270 482 1312; x_wconf 84' lang='lat' dir='ltr'>tamen</span> <span class='ocrx_word' id='word_1_52' title='bbox 495 1251 550 1313; x_wconf 83' lang='lat' dir='ltr'>hac</span> <span class='ocrx_word' id='word_1_53' title='bbox 561 1253 668 1316; x_wconf 78' lang='lat' dir='ltr'>Albam</span> <span class='ocrx_word' id='word_1_54' title='bbox 681 1275 775 1334; x_wconf 91' lang='lat' dir='ltr'>prono</span> <span class='ocrx_word' id='word_1_55' title='bbox 789 1257 859 1334; x_wconf 87' lang='lat' dir='ltr'>petit</span> <span class='ocrx_word' id='word_1_56' title='bbox 872 1255 1075 1325; x_wconf 70' lang='lat' dir='ltr'>obviamus,</span> 
     </span>
     <span class='ocr_line' id='line_1_10' title="bbox 298 1347 959 1415; baseline 0.008 -5"><span class='ocrx_word' id='word_1_57' title='bbox 298 1349 376 1410; x_wconf 86' lang='lat' dir='ltr'>Hinc</span> <span class='ocrx_word' id='word_1_58' title='bbox 386 1349 439 1409; x_wconf 89' lang='lat' dir='ltr'>iter</span> <span class='ocrx_word' id='word_1_59' title='bbox 450 1347 596 1412; x_wconf 84' lang='lat' dir='ltr'>inflectens</span> <span class='ocrx_word' id='word_1_60' title='bbox 604 1352 720 1414; x_wconf 85' lang='lat' dir='ltr'>reduces</span> <span class='ocrx_word' id='word_1_61' title='bbox 729 1353 759 1413; x_wconf 89' lang='lat' dir='ltr'>iu</span> <span class='ocrx_word' id='word_1_62' title='bbox 768 1353 869 1414; x_wconf 88' lang='lat' dir='ltr'>limine</span> <span class='ocrx_word' id='word_1_63' title='bbox 881 1354 959 1415; x_wconf 83' lang='lat' dir='ltr'>sistet</span> 
     </span>
     <span class='ocr_line' id='line_1_11' title="bbox 297 1449 997 1530; baseline 0.01 -23"><span class='ocrx_word' id='word_1_64' title='bbox 297 1449 418 1510; x_wconf 67' lang='lat' dir='ltr'>¹Nostia</span> <span class='ocrx_word' id='word_1_65' title='bbox 428 1468 510 1518; x_wconf 80' lang='lat' dir='ltr'>,mec</span> <span class='ocrx_word' id='word_1_66' title='bbox 522 1449 723 1520; x_wconf 75' lang='lat' dir='ltr'>ventilabris,</span> <span class='ocrx_word' id='word_1_67' title='bbox 740 1472 795 1514; x_wconf 88' lang='lat' dir='ltr'>nec</span> <span class='ocrx_word' id='word_1_68' title='bbox 811 1453 909 1530; x_wconf 81' lang='lat' dir='ltr'>pervia</span> <span class='ocrx_word' id='word_1_69' title='bbox 920 1451 997 1514; x_wconf 75' lang='lat' dir='ltr'>solia</span> 
     </span>
     <span class='ocr_line' id='line_1_12' title="bbox 298 1547 949 1629; baseline 0.003 -21"><span class='ocrx_word' id='word_1_70' title='bbox 298 1547 434 1609; x_wconf 73' lang='lat' dir='ltr'>Arboreis</span> <span class='ocrx_word' id='word_1_71' title='bbox 448 1547 555 1610; x_wconf 82' lang='lat' dir='ltr'>etenim</span> <span class='ocrx_word' id='word_1_72' title='bbox 566 1549 652 1608; x_wconf 77' lang='lat' dir='ltr'>renuis</span> <span class='ocrx_word' id='word_1_73' title='bbox 666 1551 796 1629; x_wconf 87' lang='lat' dir='ltr'>utrinque</span> <span class='ocrx_word' id='word_1_74' title='bbox 808 1553 949 1615; x_wconf 80' lang='lat' dir='ltr'>virescens</span> 
     </span>
     <span class='ocr_line' id='line_1_13' title="bbox 296 1646 1067 1729; baseline 0.003 -21"><span class='ocrx_word' id='word_1_75' title='bbox 296 1646 429 1724; x_wconf 85' lang='lat' dir='ltr'>Explicat</span> <span class='ocrx_word' id='word_1_76' title='bbox 443 1646 647 1715; x_wconf 78' lang='lat' dir='ltr'>umbriferum,</span> <span class='ocrx_word' id='word_1_77' title='bbox 659 1647 833 1728; x_wconf 84' lang='lat' dir='ltr'>gratissima,</span> <span class='ocrx_word' id='word_1_78' title='bbox 848 1664 965 1729; x_wconf 84' lang='lat' dir='ltr'>tegmen</span> <span class='ocrx_word' id='word_1_79' title='bbox 977 1647 1067 1710; x_wconf 85' lang='lat' dir='ltr'>eund.</span> 
     </span>
    </p>

    <p class='ocr_par' dir='ltr' id='par_1_3' title="bbox 295 1743 1072 2121">
     <span class='ocr_line' id='line_1_14' title="bbox 335 1743 1072 1823; baseline 0.014 -21"><span class='ocrx_word' id='word_1_80' title='bbox 335 1743 403 1806; x_wconf 83' lang='lat' dir='ltr'>Post</span> <span class='ocrx_word' id='word_1_81' title='bbox 418 1743 516 1823; x_wconf 84' lang='lat' dir='ltr'>epulas</span> <span class='ocrx_word' id='word_1_82' title='bbox 530 1744 606 1804; x_wconf 87' lang='lat' dir='ltr'>dulci</span> <span class='ocrx_word' id='word_1_83' title='bbox 621 1743 728 1806; x_wconf 87' lang='lat' dir='ltr'>dederis</span> <span class='ocrx_word' id='word_1_84' title='bbox 742 1767 808 1808; x_wconf 88' lang='lat' dir='ltr'>cum</span> <span class='ocrx_word' id='word_1_85' title='bbox 820 1749 950 1807; x_wconf 89' lang='lat' dir='ltr'>membra</span> <span class='ocrx_word' id='word_1_86' title='bbox 964 1745 1072 1823; x_wconf 77' lang='lat' dir='ltr'>quietis</span> 
     </span>
     <span class='ocr_line' id='line_1_15' title="bbox 295 1839 1029 1912; baseline 0.005 -12"><span class='ocrx_word' id='word_1_87' title='bbox 295 1839 333 1900; x_wconf 89' lang='lat' dir='ltr'>Et</span> <span class='ocrx_word' id='word_1_88' title='bbox 347 1841 474 1902; x_wconf 88' lang='lat' dir='ltr'>medium</span> <span class='ocrx_word' id='word_1_89' title='bbox 487 1839 608 1901; x_wconf 84' lang='lat' dir='ltr'>Phoebus</span> <span class='ocrx_word' id='word_1_90' title='bbox 621 1840 737 1905; x_wconf 85' lang='lat' dir='ltr'>Coelum</span> <span class='ocrx_word' id='word_1_91' title='bbox 751 1842 937 1906; x_wconf 81' lang='lat' dir='ltr'>transmiserit</span> <span class='ocrx_word' id='word_1_92' title='bbox 948 1863 1003 1904; x_wconf 82' lang='lat' dir='ltr'>arte</span> <span class='ocrx_word' id='word_1_93' title='bbox 1016 1881 1029 1912; x_wconf 83' lang='lat'>‚</span> 
     </span>
     <span class='ocr_line' id='line_1_16' title="bbox 297 1939 1057 2022; baseline 0.001 -22"><span class='ocrx_word' id='word_1_94' title='bbox 297 1939 369 2000; x_wconf 92' lang='lat' dir='ltr'>Non</span> <span class='ocrx_word' id='word_1_95' title='bbox 384 1941 485 2019; x_wconf 86' lang='lat' dir='ltr'>procul</span> <span class='ocrx_word' id='word_1_96' title='bbox 497 1940 527 1998; x_wconf 92' lang='lat' dir='ltr'>in</span> <span class='ocrx_word' id='word_1_97' title='bbox 541 1940 643 2001; x_wconf 83' lang='lat' dir='ltr'>silvam</span> <span class='ocrx_word' id='word_1_98' title='bbox 657 1941 778 2022; x_wconf 84' lang='lat' dir='ltr'>Sonipes</span> <span class='ocrx_word' id='word_1_99' title='bbox 792 1961 821 2005; x_wconf 92' lang='lat' dir='ltr'>te</span> <span class='ocrx_word' id='word_1_100' title='bbox 835 1944 959 2005; x_wconf 79' lang='lat' dir='ltr'>deferet:</span> <span class='ocrx_word' id='word_1_101' title='bbox 970 1942 1057 2001; x_wconf 85' lang='lat' dir='ltr'>illum</span> 
     </span>
     <span class='ocr_line' id='line_1_17' title="bbox 295 2035 984 2121; baseline 0.01 -25"><span class='ocrx_word' id='word_1_102' title='bbox 295 2035 362 2098; x_wconf 89' lang='lat' dir='ltr'>Huc</span> <span class='ocrx_word' id='word_1_103' title='bbox 374 2037 444 2100; x_wconf 86' lang='lat' dir='ltr'>illuc</span> <span class='ocrx_word' id='word_1_104' title='bbox 457 2057 552 2119; x_wconf 82' lang='lat' dir='ltr'>gressu</span> <span class='ocrx_word' id='word_1_105' title='bbox 566 2040 679 2117; x_wconf 91' lang='lat' dir='ltr'>placido</span> <span class='ocrx_word' id='word_1_106' title='bbox 689 2060 849 2121; x_wconf 74' lang='lat' dir='ltr'>peragrasse</span> <span class='ocrx_word' id='word_1_107' title='bbox 863 2040 984 2121; x_wconf 83' lang='lat' dir='ltr'>juvabit.</span> 
     </span>
    </p>

    <p class='ocr_par' dir='ltr' id='par_1_4' title="bbox 295 2132 1075 2320">
     <span class='ocr_line' id='line_1_18' title="bbox 296 2132 1019 2222; baseline 0.007 -27"><span class='ocrx_word' id='word_1_108' title='bbox 296 2132 354 2196; x_wconf 83' lang='lat' dir='ltr'>Hic</span> <span class='ocrx_word' id='word_1_109' title='bbox 368 2136 420 2196; x_wconf 88' lang='lat' dir='ltr'>tibi</span> <span class='ocrx_word' id='word_1_110' title='bbox 433 2133 577 2200; x_wconf 71' lang='lat' dir='ltr'>Castanea</span> <span class='ocrx_word' id='word_1_111' title='bbox 593 2139 753 2203; x_wconf 81' lang='lat' dir='ltr'>frondentia</span> <span class='ocrx_word' id='word_1_112' title='bbox 763 2140 877 2204; x_wconf 84' lang='lat' dir='ltr'>brachia</span> <span class='ocrx_word' id='word_1_113' title='bbox 889 2139 1019 2222; x_wconf 79' lang='lat' dir='ltr'>pandunt</span> 
     </span>
     <span class='ocr_line' id='line_1_19' title="bbox 295 2234 1075 2320; baseline 0.004 -23"><span class='ocrx_word' id='word_1_114' title='bbox 295 2234 463 2314; x_wconf 84' lang='lat' dir='ltr'>Quercubus</span> <span class='ocrx_word' id='word_1_115' title='bbox 476 2237 599 2300; x_wconf 87' lang='lat' dir='ltr'>admistae</span> <span class='ocrx_word' id='word_1_116' title='bbox 611 2239 703 2310; x_wconf 86' lang='lat' dir='ltr'>,fesso</span> <span class='ocrx_word' id='word_1_117' title='bbox 712 2262 768 2320; x_wconf 87' lang='lat' dir='ltr'>que</span> <span class='ocrx_word' id='word_1_118' title='bbox 781 2242 947 2304; x_wconf 83' lang='lat' dir='ltr'>umbracula</span> <span class='ocrx_word' id='word_1_119' title='bbox 962 2248 1075 2301; x_wconf 53' lang='lat' dir='ltr'>texunt&amp;</span> 
     </span>
    </p>
   </div>
   <div class='ocr_carea' id='block_1_2' title="bbox 183 2335 1041 2430">
    <p class='ocr_par' dir='ltr' id='par_1_5' title="bbox 183 2335 1041 2430">
     <span class='ocr_line' id='line_1_20' title="bbox 183 2335 1041 2430; baseline 0.007 -35"><span class='ocrx_word' id='word_1_120' title='bbox 183 2406 194 2430; x_wconf 54' lang='lat'><strong>·</strong></span> <span class='ocrx_word' id='word_1_121' title='bbox 295 2335 361 2399; x_wconf 87' lang='lat' dir='ltr'>Sive</span> <span class='ocrx_word' id='word_1_122' title='bbox 373 2357 425 2415; x_wconf 89' lang='lat' dir='ltr'>per</span> <span class='ocrx_word' id='word_1_123' title='bbox 436 2357 560 2399; x_wconf 85' lang='lat' dir='ltr'>annosos</span> <span class='ocrx_word' id='word_1_124' title='bbox 572 2340 659 2402; x_wconf 91' lang='lat' dir='ltr'>rheda</span> <span class='ocrx_word' id='word_1_125' title='bbox 673 2343 823 2404; x_wconf 85' lang='lat' dir='ltr'>vectabere</span> <span class='ocrx_word' id='word_1_126' title='bbox 836 2339 942 2410; x_wconf 72' lang='lat' dir='ltr'>saluus,</span> <span class='ocrx_word' id='word_1_127' title='bbox 1036 2338 1041 2352; x_wconf 63' lang='lat'>⁸</span> 
     </span>
    </p>
   </div>
   <div class='ocr_carea' id='block_1_3' title="bbox 220 2431 1106 3510">
    <p class='ocr_par' dir='ltr' id='par_1_6' title="bbox 220 2431 1106 3429">
     <span class='ocr_line' id='line_1_21' title="bbox 294 2431 942 2524; baseline 0.012 -31"><span class='ocrx_word' id='word_1_128' title='bbox 294 2431 363 2510; x_wconf 86' lang='lat' dir='ltr'>Qua</span> <span class='ocrx_word' id='word_1_129' title='bbox 377 2435 436 2497; x_wconf 81' lang='lat' dir='ltr'>late</span> <span class='ocrx_word' id='word_1_130' title='bbox 448 2455 586 2501; x_wconf 86' lang='lat' dir='ltr'>montana</span> <span class='ocrx_word' id='word_1_131' title='bbox 598 2457 696 2519; x_wconf 87' lang='lat' dir='ltr'>patent</span> <span class='ocrx_word' id='word_1_132' title='bbox 708 2457 816 2518; x_wconf 75' lang='lat' dir='ltr'>aquata</span> <span class='ocrx_word' id='word_1_133' title='bbox 828 2440 942 2524; x_wconf 70' lang='lat' dir='ltr'>niarium</span> 
     </span>
     <span class='ocr_line' id='line_1_22' title="bbox 292 2531 1106 2614; baseline 0.002 -21"><span class='ocrx_word' id='word_1_134' title='bbox 292 2531 384 2594; x_wconf 75' lang='lat' dir='ltr'>Strata</span> <span class='ocrx_word' id='word_1_135' title='bbox 391 2551 477 2604; x_wconf 76' lang='lat' dir='ltr'>torre,</span> <span class='ocrx_word' id='word_1_136' title='bbox 486 2536 645 2597; x_wconf 88' lang='lat' dir='ltr'>nemushac</span> <span class='ocrx_word' id='word_1_137' title='bbox 652 2535 773 2614; x_wconf 85' lang='lat' dir='ltr'>petitur,</span> <span class='ocrx_word' id='word_1_138' title='bbox 781 2537 991 2612; x_wconf 82' lang='lat' dir='ltr'>speculumque</span> <span class='ocrx_word' id='word_1_139' title='bbox 998 2533 1106 2602; x_wconf 79' lang='lat' dir='ltr'>Diana:</span> 
     </span>
     <span class='ocr_line' id='line_1_23' title="bbox 292 2631 995 2713; baseline 0.003 -22"><span class='ocrx_word' id='word_1_140' title='bbox 292 2635 308 2706; x_wconf 86' lang='lat'>(</span> <span class='ocrx_word' id='word_1_141' title='bbox 317 2631 385 2692; x_wconf 86' lang='lat' dir='ltr'>Hoc</span> <span class='ocrx_word' id='word_1_142' title='bbox 398 2633 475 2694; x_wconf 86' lang='lat' dir='ltr'>lacui</span> <span class='ocrx_word' id='word_1_143' title='bbox 487 2653 594 2695; x_wconf 89' lang='lat' dir='ltr'>nornen</span> <span class='ocrx_word' id='word_1_144' title='bbox 606 2635 691 2704; x_wconf 81' lang='lat' dir='ltr'>feeit,</span> <span class='ocrx_word' id='word_1_145' title='bbox 707 2655 769 2710; x_wconf 77' lang='lat' dir='ltr'>qua</span> <span class='ocrx_word' id='word_1_146' title='bbox 779 2654 850 2712; x_wconf 87' lang='lat' dir='ltr'>pura</span> <span class='ocrx_word' id='word_1_147' title='bbox 861 2633 995 2713; x_wconf 86' lang='lat' dir='ltr'>liquentis</span> 
     </span>
     <span class='ocr_line' id='line_1_24' title="bbox 220 2719 1087 2810; baseline 0.008 -22"><span class='ocrx_word' id='word_1_148' title='bbox 220 2719 224 2723; x_wconf 58' lang='grc'><strong>’</strong></span> <span class='ocrx_word' id='word_1_149' title='bbox 289 2727 420 2809; x_wconf 81' lang='lat' dir='ltr'>Lympha</span> <span class='ocrx_word' id='word_1_150' title='bbox 430 2732 496 2794; x_wconf 88' lang='lat' dir='ltr'>vitri</span> <span class='ocrx_word' id='word_1_151' title='bbox 507 2731 631 2810; x_wconf 89' lang='lat' dir='ltr'>speciem</span> <span class='ocrx_word' id='word_1_152' title='bbox 641 2733 764 2794; x_wconf 88' lang='lat' dir='ltr'>referens</span> <span class='ocrx_word' id='word_1_153' title='bbox 776 2734 904 2796; x_wconf 73' lang='lat' dir='ltr'>sinumur</span> <span class='ocrx_word' id='word_1_154' title='bbox 914 2735 945 2794; x_wconf 90' lang='lat' dir='ltr'>in</span> <span class='ocrx_word' id='word_1_155' title='bbox 960 2733 1087 2802; x_wconf 89' lang='lat' dir='ltr'>orbem)</span> 
     </span>
     <span class='ocr_line' id='line_1_25' title="bbox 289 2830 947 2896; baseline 0.003 -4"><span class='ocrx_word' id='word_1_156' title='bbox 289 2830 409 2893; x_wconf 79' lang='lat' dir='ltr'>Abditus</span> <span class='ocrx_word' id='word_1_157' title='bbox 423 2830 470 2895; x_wconf 87' lang='lat' dir='ltr'>hio</span> <span class='ocrx_word' id='word_1_158' title='bbox 481 2832 556 2896; x_wconf 87' lang='lat' dir='ltr'>inter</span> <span class='ocrx_word' id='word_1_159' title='bbox 569 2830 653 2894; x_wconf 84' lang='lat' dir='ltr'>silvas</span> <span class='ocrx_word' id='word_1_160' title='bbox 667 2851 709 2896; x_wconf 82' lang='lat' dir='ltr'>est</span> <span class='ocrx_word' id='word_1_161' title='bbox 721 2834 947 2896; x_wconf 73' lang='lat' dir='ltr'>crediturarum</span> 
     </span>
     <span class='ocr_line' id='line_1_26' title="bbox 288 2921 1093 3020; baseline 0.006 -28"><span class='ocrx_word' id='word_1_162' title='bbox 288 2929 462 3013; x_wconf 85' lang='lat' dir='ltr'>Hippolytus</span> <span class='ocrx_word' id='word_1_163' title='bbox 475 2931 603 3004; x_wconf 88' lang='lat' dir='ltr'>duxisse,</span> <span class='ocrx_word' id='word_1_164' title='bbox 616 2952 697 2995; x_wconf 86' lang='lat' dir='ltr'>novo</span> <span class='ocrx_word' id='word_1_165' title='bbox 709 2932 745 2995; x_wconf 89' lang='lat' dir='ltr'>de</span> <span class='ocrx_word' id='word_1_166' title='bbox 757 2921 877 2994; x_wconf 80' lang='lat' dir='ltr'>nomine</span> <span class='ocrx_word' id='word_1_167' title='bbox 888 2932 980 2996; x_wconf 74' lang='lat' dir='ltr'>dctus</span> <span class='ocrx_word' id='word_1_168' title='bbox 1088 3012 1093 3020; x_wconf 91' lang='lat'>.</span> 
     </span>
     <span class='ocr_line' id='line_1_27' title="bbox 257 3027 980 3102; baseline 0 -8"><span class='ocrx_word' id='word_1_169' title='bbox 257 3087 260 3094; x_wconf 92' lang='lat'>.</span> <span class='ocrx_word' id='word_1_170' title='bbox 288 3027 423 3102; x_wconf 83' lang='lat' dir='ltr'>Virbius,</span> <span class='ocrx_word' id='word_1_171' title='bbox 438 3033 548 3095; x_wconf 80' lang='lat' dir='ltr'>auxilio</span> <span class='ocrx_word' id='word_1_172' title='bbox 563 3033 668 3097; x_wconf 66' lang='lat' dir='ltr'>uriviae</span> <span class='ocrx_word' id='word_1_173' title='bbox 682 3042 833 3096; x_wconf 81' lang='lat' dir='ltr'>revocatus</span> <span class='ocrx_word' id='word_1_174' title='bbox 847 3033 882 3094; x_wconf 93' lang='lat' dir='ltr'>ad</span> <span class='ocrx_word' id='word_1_175' title='bbox 897 3053 980 3094; x_wconf 84' lang='lat' dir='ltr'>auras</span> 
     </span>
     <span class='ocr_line' id='line_1_28' title="bbox 287 3127 1009 3210; baseline 0.001 -19"><span class='ocrx_word' id='word_1_176' title='bbox 287 3127 444 3192; x_wconf 83' lang='lat' dir='ltr'>AEthereas.</span> <span class='ocrx_word' id='word_1_177' title='bbox 460 3132 585 3193; x_wconf 81' lang='lat' dir='ltr'>Arcebet</span> <span class='ocrx_word' id='word_1_178' title='bbox 597 3153 685 3210; x_wconf 88' lang='lat' dir='ltr'>equos</span> <span class='ocrx_word' id='word_1_179' title='bbox 699 3131 767 3191; x_wconf 88' lang='lat' dir='ltr'>hinc</span> <span class='ocrx_word' id='word_1_180' title='bbox 779 3151 854 3194; x_wconf 84' lang='lat' dir='ltr'>vana</span> <span class='ocrx_word' id='word_1_181' title='bbox 865 3149 1009 3201; x_wconf 82' lang='lat' dir='ltr'>vetustas,</span> 
     </span>
     <span class='ocr_line' id='line_1_29' title="bbox 289 3225 984 3309; baseline 0 -20"><span class='ocrx_word' id='word_1_182' title='bbox 289 3225 381 3305; x_wconf 88' lang='lat' dir='ltr'>Quod</span> <span class='ocrx_word' id='word_1_183' title='bbox 393 3228 501 3305; x_wconf 84' lang='lat' dir='ltr'>pavidis</span> <span class='ocrx_word' id='word_1_184' title='bbox 511 3231 641 3308; x_wconf 87' lang='lat' dir='ltr'>abreptus</span> <span class='ocrx_word' id='word_1_185' title='bbox 653 3232 731 3309; x_wconf 86' lang='lat' dir='ltr'>equis</span> <span class='ocrx_word' id='word_1_186' title='bbox 745 3249 796 3307; x_wconf 87' lang='lat' dir='ltr'>per</span> <span class='ocrx_word' id='word_1_187' title='bbox 809 3231 891 3294; x_wconf 79' lang='lat' dir='ltr'>deuia</span> <span class='ocrx_word' id='word_1_188' title='bbox 905 3230 984 3292; x_wconf 84' lang='lat' dir='ltr'>letho</span> 
     </span>
     <span class='ocr_line' id='line_1_30' title="bbox 283 3325 1022 3429; baseline 0.008 -41"><span class='ocrx_word' id='word_1_189' title='bbox 283 3326 328 3388; x_wconf 83' lang='lat' dir='ltr'>Sit</span> <span class='ocrx_word' id='word_1_190' title='bbox 342 3327 421 3388; x_wconf 88' lang='lat' dir='ltr'>datus</span> <span class='ocrx_word' id='word_1_191' title='bbox 434 3325 617 3407; x_wconf 85' lang='lat' dir='ltr'>Hippolytus.</span> <span class='ocrx_word' id='word_1_192' title='bbox 633 3329 758 3412; x_wconf 73' lang='lat' dir='ltr'>Valeant</span> <span class='ocrx_word' id='word_1_193' title='bbox 771 3329 913 3429; x_wconf 70' lang='lat' dir='ltr'>insomnia</span> <span class='ocrx_word' id='word_1_194' title='bbox 928 3326 1022 3394; x_wconf 77' lang='lat' dir='ltr'>Pindi.</span> 
     </span>
    </p>

    <p class='ocr_par' dir='ltr' id='par_1_7' title="bbox 323 3425 1104 3510">
     <span class='ocr_line' id='line_1_31' title="bbox 323 3425 1104 3510; baseline 0.001 -20"><span class='ocrx_word' id='word_1_195' title='bbox 323 3425 370 3490; x_wconf 89' lang='lat' dir='ltr'>Ut</span> <span class='ocrx_word' id='word_1_196' title='bbox 381 3439 526 3496; x_wconf 86' lang='lat' dir='ltr'>veterum,</span> <span class='ocrx_word' id='word_1_197' title='bbox 541 3448 602 3505; x_wconf 77' lang='lat' dir='ltr'>que</span> <span class='ocrx_word' id='word_1_198' title='bbox 615 3447 702 3501; x_wconf 84' lang='lat' dir='ltr'>vera,</span> <span class='ocrx_word' id='word_1_199' title='bbox 718 3427 811 3494; x_wconf 76' lang='lat' dir='ltr'>virum</span> <span class='ocrx_word' id='word_1_200' title='bbox 824 3430 946 3510; x_wconf 86' lang='lat' dir='ltr'>jucunda</span> <span class='ocrx_word' id='word_1_201' title='bbox 959 3440 1104 3501; x_wconf 75' lang='lat' dir='ltr'>resumat</span> 
     </span>
    </p>
   </div>
   <div class='ocr_carea' id='block_1_4' title="bbox 0 0 1350 4459">
    <p class='ocr_par' dir='ltr' id='par_1_8' title="bbox 0 0 1350 4459">
     <span class='ocr_line' id='line_1_32' title="bbox 0 0 1350 4459; baseline 0 4"><span class='ocrx_word' id='word_1_202' title='bbox 0 0 1350 4459; x_wconf 95' lang='lat' dir='ltr'> </span> 
     </span>
    </p>
   </div>
  </div>
 </body>
</html>
