2692 4459
323 488 378 540 1-12
459 462 1020 544 nnrrsnerrcrn.
1185 538 1186 545 Ν

324 604 1142 692 *adniteretur-r·-t-rs-r--ter-trret

324 754 446 835 QUAS
465 747 810 817 OBLECTATIONES
829 742 918 805 RUS
939 740 1139 811 OFFERAT

358 904 667 973 ¹unnroua
708 895 1079 965 nnrnnunur,

324 1043 363 1137 P
375 1098 394 1137 a
403 1093 500 1136 unu
510 1090 569 1133 ers
583 1088 663 1153 pater
673 1086 824 1133 autumnus
835 1066 870 1127 de
881 1066 1007 1128 collibus
1019 1084 1091 1129 uvas

324 1178 499 1241 ostentans,
513 1188 642 1250 etponut
652 1189 753 1249 graves
768 1170 916 1229 onerantia
931 1185 1027 1227 ramos
1185 1166 1186 1177 ¹

323 1276 451 1337 Urbibus
466 1271 594 1331 hortanus
611 1270 687 1330 cives
700 1265 822 1344 migrare
836 1262 952 1327 relictis.

362 1372 405 1431 Ite
418 1369 472 1433 viri
486 1388 545 1446 quo
559 1386 622 1436 tes,
635 1386 696 1444 quo
712 1364 934 1425 formosissimus
948 1380 1057 1429 annus,

321 1469 414 1531 Dives
424 1486 513 1545 opum
525 1485 585 1542 quo
599 1484 651 1525 vos
660 1462 744 1524 tellus
759 1478 868 1531 vocat,
883 1462 922 1522 ite
931 1458 1079 1526 volentes3

241 1566 244 1571 ’
321 1565 357 1627 ln
368 1586 422 1643 que
432 1563 495 1625 sinu
505 1562 579 1625 villae
589 1560 688 1639 positis
696 1560 861 1637 requiescite
872 1560 957 1621 turis.

323 1666 362 1727 Et
374 1687 426 1728 vos
437 1659 604 1745 -Agricolae,
618 1658 750 1721 Domino
765 1659 920 1730 veniente,
938 1654 1056 1718 Penates

322 1764 475 1835 Instruite;
490 1776 520 1821 et
531 1760 652 1821 famulas
663 1759 724 1841 jugi
738 1756 775 1824 sit
788 1778 855 1819 cura
871 1758 971 1819 labore

321 1860 464 1921 Exercere
477 1878 600 1921 manus:
614 1877 646 1920 ut
659 1880 724 1920 rure
738 1856 817 1916 dorni
833 1877 887 1935 que
900 1858 1036 1919 nitescant

321 1958 434 2019 Omnia
449 1980 458 2017 r
474 1957 715 2033 curvarispassirn
729 1932 880 2033 pendentia
895 1954 980 2015 ramis

323 2058 447 2119 invitent
460 2054 528 2115 hinc
541 2054 633 2114 Poma
642 2073 743 2115 manus
753 2076 762 2113 r
774 2051 842 2115 hinc
852 2054 962 2115 lumina
974 2050 1052 2116 floret

321 2153 455 2215 Confirso
470 2151 738 2213 teneantvariorum
754 2170 848 2213 errore
864 2154 1008 2213 colorum.

321 2250 500 2329 Obstrtpat‚
519 2266 549 2311 et
564 2250 629 2311 lato
646 2269 677 2311 se
687 2268 716 2309 se
730 2246 801 2308 ferat
812 2249 896 2311 obvia
909 2249 1008 2327 plausu
1046 2274 1049 2282 ·

246 2426 249 2430 1
324 2347 460 2409 Altilium
473 2367 626 2409 numerosa
638 2347 742 2409 cohors
758 2370 767 2407 e
786 2332 894 2428 egressa
911 2368 966 2427 que
982 2342 1054 2407 tectis

325 2446 424 2508 Densa
440 2446 650 2509 Columbarum
662 2448 752 2509 nubes
766 2448 895 2511 obscuret
910 2447 1073 2525 olympum:

325 2546 397 2613 Nec
405 2563 496 2606 tantas
505 2546 600 2605 Herus
609 2545 682 2605 inter
696 2562 765 2621 opes
775 2543 911 2607 desideret
924 2550 1030 2615 urbem,

366 2646 460 2705 Totos
473 2645 522 2703 ille
535 2642 593 2701 dies
607 2665 653 2703 rus
667 2642 815 2713 ambulat,
836 2645 934 2707 ornnia
949 2647 1005 2707 late

325 2742 504 2805 collustrans
518 2739 630 2808 oculis,
651 2756 680 2801 et
695 2740 811 2823 pinguia
826 2745 902 2805 culta
918 2744 1044 2828 revisens.

327 2844 417 2905 Mane
430 2837 613 2929 legit'floren
629 2839 683 2900 sibi
695 2864 766 2919 quos
779 2864 840 2906 nox
852 2843 968 2907 humida
979 2840 1043 2907 lanis

327 2937 473 3020 Explicuit
487 2940 608 3021 tunicis:
623 2940 703 3002 lento
718 2942 845 3020 pomaria
859 2964 955 3023 gressu
982 2974 988 2979 ·

327 3041 440 3102 Circuit
457 3064 466 3101 r
482 3057 510 3101 et
522 3040 615 3103 varios
629 3058 730 3103 trunco
746 3040 863 3101 miratur
876 3040 906 3099 in
921 3062 981 3106 uno

327 3140 464 3220 Crescere
479 3138 637 3215 suppositos
651 3138 751 3199 foetusr
762 3128 833 3215 quos
843 3136 931 3197 inscia
940 3138 1025 3211 fudit,

330 3238 403 3298 Non
414 3238 504 3299 invita
514 3254 632 3306 tamen,
654 3240 702 3300 vel
713 3236 788 3299 succi
802 3236 913 3315 parcior
925 3240 1008 3299 arbos
1185 3264 1186 3269 ¹

329 3339 449 3400 Educat.
465 3336 574 3399 Interea
587 3334 698 3403 ¹Phoebo
710 3348 843 3406 nascente
857 3334 993 3411 loquaces

328 3438 424 3512 Dulce
440 3453 541 3501 sonant
554 3435 658 3516 passim
673 3437 825 3501 volucres:
838 3448 867 3501 et
882 3430 1008 3497 cantibus
1022 3448 1085 3517 aures
1185 3410 1186 3497 l

972 3530 1125 3621 Oblectant5

1185 3638 1186 3677 r
