2692 4459
312 492 544 565 >urum
583 488 884 565 TERTIUS.
982 506 1021 577 53

186 594 274 664 Livor
287 603 400 671 abest,
420 621 453 666 et
466 606 542 665 aben
549 602 632 664 fama
642 602 790 680 irrequieta
800 599 913 678 cupido.

191 702 258 761 Non
268 720 320 762 me
334 702 429 763 falsus
440 694 557 769 honos,
576 699 697 775 studium
708 718 767 760 non
776 702 832 762 urit
840 696 959 760 habendi
970 738 984 768 ,

190 792 319 877 Excepto
329 799 414 877 quod
426 820 490 859 non
502 820 596 860 sumus
607 817 663 859 una
676 836 685 866 ‚
706 814 806 859 caetera
815 794 923 862 letum.

192 895 281 956 sinos
292 914 368 976 ergo
380 896 471 959 voles
481 917 517 957 ex
528 894 608 956 omni
617 914 697 976 parte
708 900 827 967 beatos,

191 988 276 1060 Huc,
286 992 416 1066 dilecte,
430 994 502 1059 veni
515 994 695 1057 :Dominam
709 1016 795 1071 quarn
806 992 897 1075 diligis
908 996 1008 1073 urbem

193 1087 299 1168 Linque
312 1112 441 1171 precor,
461 1110 638 1175 magnoque
649 1091 690 1151 tui
702 1092 749 1168 qui
761 1086 861 1171 flagrat
872 1110 971 1153 amore

196 1187 363 1274 Menagium
372 1206 513 1257 veterem
522 1190 637 1253 festinus
648 1190 708 1255 vise
720 1190 861 1255 sodalem.

195 1336 1033 1429 ’mmumaffiffiffl’ffliifficwffl

200 1496 274 1571 AD
297 1500 681 1577 LUDOVICUM
702 1494 1030 1587 STROZZAuu

209 1642 317 1745 Sauo
328 1704 346 1746 z
356 1704 375 1746 z
385 1691 406 1746 i
416 1708 447 1748 rr
462 1684 622 1746 Flaminius
636 1704 718 1746 suum
734 1685 838 1747 salutat

204 1779 300 1841 Benaci
314 1784 467 1862 liquidam·
479 1780 575 1863 jacens
589 1784 623 1845 ad
639 1783 745 1845 undam

206 1874 258 1935 Sub
272 1900 369 1959 myrto
383 1884 581 1953 beneolente,
598 1884 666 1944 dum
680 1881 798 1961 superba

207 1972 283 2037 Terit
294 1980 399 2043 limina
415 1980 579 2062 principum
594 1983 721 2043 misellus

207 2071 333 2140 Strozza.
342 2080 393 2143 Tu
404 2103 443 2145 ne
457 2082 579 2142 molesta
589 2081 618 2141 in
629 2082 698 2142 urbe
713 2098 823 2159 semper

209 2171 349 2248 inclusus,
359 2182 454 2243 'variis
468 2182 531 2263 agri
545 2180 621 2243 beati

211 2268 359 2352 Nunquam
373 2278 484 2342 deliciis
497 2276 612 2341 frulrei
631 2290 776 2353 nunquam

213 2366 288 2431 Ruris
302 2376 403 2454 gaudia
419 2377 559 2440 noveris?
578 2376 711 2444 Miselle,

214 2464 316 2549 Rumpe
331 2476 476 2536 obstantia
488 2476 630 2542 claustra,
646 2490 746 2549 rumpe
758 2469 848 2533 lentas

216 2562 322 2639 Mons,
337 2573 360 2632 si
374 2576 471 2655 sapis,
486 2575 629 2652 optimum
644 2591 699 2649 que
715 2570 840 2632 amicum

216 2659 277 2726 Vise
289 2667 333 2732 hic
343 2671 501 2757 Virgilium
513 2691 613 2742 mum,
626 2693 724 2734 meum
740 2691 806 2751 que.

218 2759 354 2831 Catullum
364 2774 450 2837 vacui
464 2775 609 2854 legenms3
626 2768 673 2832 hic
687 2788 719 2833 tu

217 2859 302 2928 Cutis
313 2872 457 2936 versiculis
470 2892 554 2933 canes
568 2890 698 2929 amoenos

218 2955 337 3041 Hortos,
349 2958 377 3033 et
386 2971 470 3035 vitrei
482 2971 560 3031 lacus
572 2967 702 3027 (lecenter

218 3056 375 3145 Nymphas·‚
389 3090 437 3131 me
451 3068 569 3131 Cithara
580 3068 689 3127 bonum
702 3058 855 3124 Gibertum

219 3154 299 3223 Juvat
308 3166 416 3239 dicere,
429 3168 508 3246 cujus
520 3165 567 3228 hic
580 3165 688 3248 agellus

219 3250 286 3318 Milli
299 3284 413 3331 munere
424 3285 518 3346 partus
530 3263 625 3327 rhun‘c
638 3262 764 3343 agellum

220 3348 269 3415 ille
280 3358 363 3429 donat
376 3369 495 3438 habere,
513 3384 572 3442 quo
584 3380 639 3421 nec
652 3360 724 3421 alter

220 3444 323 3523 Baccho
339 3483 368 3529 et
381 3459 489 3534 Palladi
502 3462 628 3551 gratior,
645 3474 699 3542 aer
712 3457 782 3538 aller
