2692 4459
332 463 533 530 essex
571 462 948 546 sucunovs.
1015 483 1058 558 „-

211 570 314 635 Purus
331 570 384 632 ubi
400 567 458 630 leni
471 588 522 646 per
535 568 626 630 valles
636 590 782 634 murmure
795 593 907 652 serpens

213 665 347 731 Exultat
365 666 459 741 rivus,
475 689 561 748 quem
574 669 651 730 dives
666 669 746 746 aquis
759 665 917 752 Polycrene

213 767 320 848 ‚Ponte
330 786 432 838 creat,
446 768 581 846 laerosque
590 765 732 828 uberrima
741 770 833 832 fundit
842 772 873 832 in
883 793 987 856 agros,

217 869 299 949 Quae
317 886 421 931 natura
435 868 525 936 boni,
542 889 603 946 quae
615 866 686 928 recti
695 870 815 942 semita,
828 872 916 935 virtus
1019 879 1050 890 ’“

218 969 305 1034 Vera
318 967 420 1048 quibus
433 989 461 1032 se
472 969 603 1048 praesidiis
612 974 772 1044 sustentet(
782 969 810 1032 id
820 989 913 1032 unmn

220 1067 356 1148 Quando
365 1069 464 1130 animo
472 1089 544 1130 cure
552 1062 1054 1153 est)qui·vearteparenrragemus3

181 1235 186 1244 ,
217 1169 358 1231 Moribus
370 1167 502 1230 innocuis
513 1183 608 1228 utrum
620 1184 777 1246 sanctoque
786 1186 887 1235 tenore

220 1271 399 1332 immortale
412 1270 495 1330 decus
505 1267 756 1346 famesquaeratur,
771 1289 808 1329 an
820 1270 872 1332 alti

216 1366 350 1428 Doribus
360 1367 490 1448 ingenii,
509 1367 554 1428 cui
563 1367 688 1430 fontibus
697 1364 811 1430 haustus
822 1371 858 1431 ab
865 1367 932 1449 ipsis

217 1467 372 1529 Doctrinae
387 1466 470 1544 lepor
479 1467 615 1537 accessit,
630 1468 746 1546 verique
757 1470 881 1547 peritus:

220 1563 279 1626 Vir
291 1566 400 1642 probus
416 1585 454 1626 an
469 1585 583 1652 cunctas
597 1555 733 1632 vitiorum
746 1567 909 1632 exscindere
922 1567 1007 1630 fibras

219 1661 357 1731 Debent,
371 1679 457 1740 atque
469 1685 569 1726 omnes
581 1666 701 1726 onmirris
713 1670 868 1750 abstergere
878 1689 972 1730 naevos

220 1761 278 1824 His
289 1783 360 1832 me,
374 1761 554 1833 Lamonide‚
569 1766 666 1829 studiis
676 1785 771 1832 tecum
781 1787 870 1847 usque
881 1769 1013 1840 tenebis,

217 1860 297 1935 Rure
308 1861 458 1927 Bavillaeo.
471 1862 571 1935 Felix,
585 1867 639 1930 nisi
652 1869 735 1927 turba
743 1864 861 1950 repenti

218 1963 393 2042 importuna
402 1959 516 2032 virum,
533 1965 648 2044 strepitu
661 1962 767 2028 temere
778 1964 877 2028 omnia
886 1966 1030 2042 miscens,

215 2065 265 2126 Ad
276 2065 370 2126 tristes
383 2083 472 2143 nugas
481 2063 599 2124 abducat
608 2103 622 2133 ‚,
638 2084 667 2126 et
677 2063 735 2126 otia
746 2066 852 2127 turbet.

217 2161 340 2224 Scilicet
353 2162 517 2222 innumeros
529 2159 602 2222 inter
616 2183 686 2242 quos
695 2163 818 2244 undique
832 2162 944 2229 clantm
1028 2169 1033 2176 '

216 2257 526 2331 Lamonidaenomen,
545 2263 625 2324 terris
636 2280 665 2324 et
675 2263 760 2324 didita
770 2266 849 2329 famu

219 2356 289 2420 Hulc
301 2360 378 2430 ciet,
396 2358 538 2422 interdurn
550 2357 611 2422 sero
624 2378 808 2440 expectantur
822 2356 912 2428 amici

219 2457 369 2537 Quattuor
382 2462 417 2523 ad
427 2480 594 2530 summum,
607 2459 710 2539 triplici
718 2464 785 2522 ciun
796 2485 826 2524 se
834 2465 948 2545 agmine
955 2466 1047 2530 nudis

219 2559 411 2640 irrumpitque
422 2559 548 2631 cohors,
567 2562 644 2624 cultu
655 2558 784 2624 officiosa
792 2565 930 2630 molesto.

219 2655 288 2719 Heu
298 2658 364 2741 fuge
378 2657 444 2720 lter
459 2659 528 2720 felix
540 2657 562 2718 si
576 2680 604 2746 se
618 2662 752 2747 spelunca
764 2662 819 2732 ribi
827 2663 913 2726 offert
1022 2724 1027 2734 .

217 2753 335 2830 Devia,
353 2756 411 2838 quo
420 2777 565 2840 nequeant
574 2763 751 2845 revenigne
765 2765 914 2860 latenrern.
1009 2752 1014 2773 ²

402 2997 405 3004 ,
472 2995 477 3000 ,
545 2931 733 3000 Geram
753 2932 934 3006 Gonnu,¹
