2692 4459
373 433 572 502 erran
626 433 895 504 enimus,
1034 467 1050 522 ς

227 521 347 612 Quippe
358 538 428 606 ubi,
440 559 493 600 nec
503 541 620 618 prima,
636 558 691 598 nec
703 558 768 600 sera
778 554 908 616 tempora
918 531 1013 607 nectit

224 627 415 716 Distinguunt
428 637 513 708 litui,
532 654 722 716 rumpuntque
734 638 845 698 silentia
857 660 957 712 camur

223 732 256 792 N
256 754 295 794 on
309 735 333 794 si
345 733 484 796 discordes
494 736 613 796 miscent
623 736 693 795 freta
707 736 812 800 fervida
823 739 926 810 venti,

219 829 386 909 AEquorcos
399 830 497 892 horret
507 831 657 904 fremitus,
671 835 841 915 humilisque
850 855 1013 916 pavensque

219 929 356 1016 Numina
367 931 531 992 conclamat
542 973 560 1001 ,.
568 954 606 995 ne
615 935 682 1012 quid
691 936 837 996 nimbosus
848 934 966 1004 orion,

218 1025 270 1089 Ne
281 1029 351 1106 quid
363 1046 448 1090 atrox
464 1034 702 1108 peccetBoceas‚
723 1030 990 1112 laceraquecarina

217 1126 317 1187 Addat
333 1147 402 1204 opes
412 1127 530 1208 pelago.
542 1127 623 1192 Vitat
634 1132 721 1202 fora,
741 1132 814 1194 vitat
824 1146 853 1192 et
864 1149 944 1190 attus

217 1223 371 1284 Undantis
381 1223 482 1302 populi
493 1247 501 1284 t
514 1245 568 1288 nec
583 1227 650 1306 quid
660 1231 798 1293 tabularia
809 1271 820 1301 ,
832 1250 886 1292 nec
899 1227 967 1306 quid

216 1323 288 1389 J'ura
299 1323 414 1392 ferant,
427 1325 571 1389 meminit.
580 1327 651 1392 Non
660 1330 745 1392 illurn
754 1350 855 1392 aurora
863 1333 1048 1394 morantems'

217 1411 294 1501 Quae
308 1443 342 1484 se
351 1441 412 1482 non
423 1423 493 1486 alibi
507 1425 686 1509 primumque
698 1430 821 1492 ostendit
830 1429 928 1490 Eoum

214 1521 394 1592 Pulchrior,
408 1523 444 1583 ad
457 1523 521 1584 lites
535 1525 719 1607 clamosaque
734 1527 825 1609 jurgia
839 1525 930 1606 cogit.

215 1620 284 1685 Nec
295 1626 360 1703 jam
370 1623 491 1684 defessus
501 1624 604 1705 longae
614 1627 748 1686 evolvere
763 1645 859 1686 causas
868 1661 882 1690 ,

214 1721 341 1784 Orando
351 1723 480 1804 ingratps
494 1724 619 1802 queritur
628 1741 658 1784 se
673 1721 795 1781 condere
807 1719 895 1780 soles.

252 1820 424 1882 Sollicitent
433 1823 508 1884 voris
518 1823 566 1883 aiii
576 1819 717 1886 invidiosa
726 1812 883 1878 Potentirm

212 1916 367 1983 'Arbitriac
384 1916 530 1981 obsideant
538 1922 630 1984 ,aditus
639 1956 654 1990 ‚-
669 1935 753 1997 atque
763 1919 820 1979 alta
834 1914 957 1994 superbis
1049 1997 1055 2003 ·

215 2019 298 2081 Atria
316 2019 497 2098 porticibus,
515 2019 700 2098 certatimque
718 2018 813 2080 oscula
829 2032 957 2101 pugnent

213 2109 391 2196 Praeripcre,
407 2115 441 2179 et'
449 2117 553 2202 primas
565 2120 687 2188 dominis
702 2121 761 2184 iam
776 2114 860 2179 mani⁸
871 2113 977 2178 recenti
1050 2141 1055 2146 ·

213 2209 323 2278 Dicere
338 2214 500 2278 blanditias.
513 2215 584 2280 Haec
598 2217 650 2282 ille
662 2218 811 2297 Caphatea
822 2237 890 2279 saxa
906 2257 922 2284 s

211 2307 272 2372 Has
280 2313 404 2391 prudens
413 2315 517 2378 metuit
526 2315 748 2403 Smpieptdas,
768 2311 961 2374 etsibifascet

208 2406 258 2471 'Ac
272 2415 383 2474 trabeas
392 2414 460 2474 sinit
472 2412 625 2474 emeritum
634 2433 751 2477 exorare
765 2413 900 2474 clientem
918 2471 925 2481 ,
1039 2469 1044 2477 .

212 2509 348 2574 demotus
364 2507 453 2588 longi
468 2509 600 2586 populo,
619 2528 649 2570 et
663 2509 792 2574 civilibus
807 2508 903 2572 undis.

251 2607 331 2689 Ergb
345 2609 429 2672 illum
441 2609 528 2686 aprici
541 2611 649 2679 colles,
670 2609 819 2687 campique
830 2610 937 2672 feraces

212 2703 356 2770 curarum
367 2707 962 2790 cxpenernaccipiuthicituperatatvis-

212 2805 274 2883 lpse
286 2807 362 2878 suis,
383 2817 526 2887 terrasque
539 2812 623 2874 docet
635 2814 733 2888 parete
746 2808 898 2879 volentes3

211 2901 276 2965 Nec
287 2905 422 2985 Regum,
440 2910 716 2996 suafrcgnavidens,
735 2906 853 2982 suspirat
864 2907 1003 2968 horreres.¹

212 3001 299 3065 Nunc
314 3004 386 3067 vites
401 3008 491 3078 serit,
514 3027 544 3070 et
553 3007 633 3072 verni
650 3027 717 3070 cum
730 3003 854 3084 palmitis
864 3019 929 3064 aetas

211 3100 306 3165 Prima
322 3105 418 3176 viret,
435 3121 565 3168 tenemm
575 3107 661 3189 virgis
673 3101 808 3184 furtique
818 3099 933 3164 bicorni

212 3198 301 3263 Tollit
309 3201 423 3265 humor
437 3202 505 3262 dein
512 3221 542 3262 et
550 3204 637 3266 validi
646 3202 802 3284 propagine
811 3200 893 3264 scetis

210 3296 349 3378 Populeas
359 3299 530 3376 latestirpes
539 3299 690 3378 ulmosque
701 3302 825 3361 maritat.

149 3439 150 3444 κ
210 3393 293 3464 Nunc
304 3399 393 3482 illum
403 3394 649 3480 proculumbroti
658 3399 976 3482 mbirondemorantut

830 3502 859 3562 A
876 3497 910 3578 iij
