2692 4459
360 479 564 552 LIBER
605 474 973 556 SECUNDUS.
1038 498 1082 574 '3i

235 581 376 652 Ventum
390 610 433 652 est
445 591 602 671 Esquilias,
621 587 715 649 aliena
730 588 847 668 negotia
860 607 977 654 centum

232 683 292 752 Per
310 709 419 771 caput,
440 707 468 750 et
481 689 558 752 eirca
573 687 678 749 saliunt
690 689 776 750 latus«
789 683 866 750 Ante
881 689 1035 756 secundam

230 791 363 854 Roscius
376 793 474 852 orabat
485 790 537 852 sibi
550 787 657 852 adesses
672 787 708 848 ad
723 787 821 864 puteal
839 807 912 850 cras.

231 888 331 955 Dete
348 890 497 955 communi
508 889 603 952 scribae·
615 883 739 968 magni,
754 903 839 965 atque
854 885 931 952 novi
946 905 976 951 te

230 989 372 1053 Orabant
381 987 467 1049 hodie
478 986 790 1066 meminissessQuinte,
798 986 913 1049 reverti.

179 1089 182 1098 ’
229 1087 391 1168 imprimat
404 1078 448 1146 his
465 1085 696 1160 curffloetenas
711 1088 791 1170 signa
804 1087 928 1150 tabellis.

230 1183 381 1258 Dixeris,
400 1184 550 1264 experiare
564 1185 586 1246 si
596 1185 638 1250 vis
648 1223 659 1259 ‚
670 1206 771 1266 potes,
784 1187 879 1257 addit,
891 1204 920 1248 et
934 1186 1034 1254 ustas}

271 1287 422 1366 Septimus
433 1303 537 1349 octavo
549 1286 667 1366 propior
676 1288 737 1368 jam
746 1289 851 1372 digerit
860 1309 971 1360 annus,

228 1385 279 1448 Ex
293 1405 353 1464 quo
368 1383 517 1446 Meecenas
529 1401 577 1444 me
590 1386 677 1464 eoepit
688 1386 791 1450 habete
803 1411 919 1452 tuorum

229 1485 267 1548 in
279 1504 405 1549 numero
416 1507 424 1548 t
438 1484 575 1547 duntaxat
588 1484 624 1546 ad
632 1483 714 1557 hoc,
730 1507 817 1566 quem
829 1490 933 1552 tollere
943 1488 1031 1554 rheda

230 1583 540 1653 velletrensem,
560 1601 589 1646 et
604 1584 651 1646 eui
668 1588 839 1650 concredere
853 1607 962 1670 nugas,

232 1680 1071 1770 Hocgenushotaquotaesti'l’hrattestGallinaSyropati

229 1779 378 1846 Matutine
388 1803 492 1862 patum
504 1799 603 1845 cautos
618 1785 678 1864 jam
689 1786 797 1868 frigora
809 1785 952 1850 mordent.

228 1876 268 1942 Et
279 1903 343 1961 quae
355 1880 464 1944 rimosi
476 1885 550 1946 bene
564 1885 744 1964 deponuntur
753 1889 783 1947 in
793 1911 871 1953 aure·

229 1977 292 2042 Per
306 1999 402 2042 toturn
413 1980 471 2041 hoc
484 1997 594 2062 tempus
604 1987 796 2063 subjectiotin
811 1988 906 2058 diem,
919 2005 949 2051 et
964 1987 1068 2052 borant

226 2079 370 2142 Invidiae:
386 2095 483 2141 noster
496 2083 578 2144 ludos
589 2085 776 2163 spectaverit,
794 2084 851 2148 uni

225 2177 345 2241 Luserit
356 2179 385 2238 itt
396 2201 519 2261 campo,
535 2165 753 2247 Fortunaefilius
763 2206 905 2256 ,omnem

149 2315 150 2320 κ
225 2273 363 2361 Frigidus
379 2275 501 2343 irostris
521 2301 619 2346 manat
630 2300 681 2362 per
691 2285 818 2362 compita
829 2305 940 2348 rumor.

227 2378 418 2459 Quicumque
429 2381 659 2450 obviusest,me
670 2382 1065 2462 consulit,dbone(namte

225 2479 333 2551 Scire,
352 2479 433 2544 Deos
443 2478 583 2558 quoniam
592 2483 710 2562 propius
720 2482 862 2566 contingis
874 2486 1011 2562 oportet)

225 2575 369 2656 Nunquid
384 2580 418 2640 de
429 2578 519 2638 Dacis
529 2580 630 2643 audisti
642 2584 654 2646 ἓ
667 2584 711 2644 nil
721 2585 853 2663 equidem
863 2606 873 2644 t
885 2601 918 2645 ut
928 2600 959 2646 tu

223 2674 350 2755 Semper
363 2675 416 2736 etis
428 2674 544 2738 derisor.
555 2679 596 2739 At
609 2691 710 2742 omnes
720 2681 761 2744 Di
775 2686 924 2765 exagitent
935 2707 983 2749 me
994 2721 1006 2758 ,-

224 2776 259 2838 si
275 2775 557 2856 quidquam.Quid.²
575 2781 712 2844 militibus
722 2785 861 2862 promissa
870 2783 1023 2861 Triquetra

225 2875 337 2937 Praedia
352 2875 467 2948 Caesat',
489 2899 526 2939 an
543 2895 585 2939 est
602 2880 676 2942 Itali
690 2883 791 2943 tellure
802 2880 941 2942 datumst

225 2975 379 3042 durantem
393 2995 442 3038 me
456 2978 527 3038 scire
542 2977 615 3038 nihil
625 3019 639 3048 ,
653 2977 813 3049 mirantur,
828 2993 862 3040 ut
874 2998 965 3039 unum

228 3073 346 3140 Scilicet
360 3076 470 3162 egregii
482 3077 656 3149 mortalem,
674 3075 781 3156 altique
796 3073 899 3139 silenti.

226 3173 424 3242 Perditurhaec
433 3177 508 3239 inter
519 3175 623 3238 misero
633 3177 706 3247 lux,
721 3197 782 3238 non
791 3177 852 3236 sine
862 3174 957 3240 votis:

226 3275 358 3350 otrus,
379 3279 496 3360 quando
507 3299 566 3360 ego
574 3295 603 3338 te
613 3273 770 3354 aspiciam!
783 3278 953 3356 quandoque
961 3272 1059 3337 licebit

223 3378 311 3444 Nune
322 3399 459 3444 veterum
468 3377 650 3446 librismunc
661 3396 783 3446 somno,
795 3393 825 3440 et
835 3377 968 3443 inertibus
977 3375 1058 3440 horis

221 3477 615 3562 Duceresollicitejusunda
628 3476 735 3545 oblisis
744 3477 834 3544 siret
926 3516 931 3522 -

369 3583 372 3592 ’
858 3573 890 3636 C
905 3571 938 3635 iu
